2707 4611
948 185 1028 249 de
1070 176 1346 273 Logica.
1971 182 2054 252 45
2093 192 2099 196 ’

291 304 602 371 deberent
620 327 836 370 earum
872 321 1091 370 asserta
1111 327 1286 393 posse
1305 303 1496 369 simul
1529 323 1657 369 non
1682 302 2047 374 subsistere:

297 391 412 456 sed
455 390 899 477 propositiones
938 389 1426 458 contradictoriae
1453 405 1635 472 sunt,
1666 412 1939 488 quarum
1960 413 2059 453 as·-

302 493 629 624 setiatznon
665 491 922 562 possunt
942 473 1263 542 subsistere
1285 474 1521 559 simul,
1547 496 1664 538 nec
1705 473 1895 538 simul
1931 496 2060 539 non

308 583 385 624 su
461 576 664 624 istere.

403 715 546 780 135.
618 713 813 798 Igitur
855 711 1032 778 omni
1097 736 1244 777 casu
1288 710 1451 778 valet
1493 712 1686 779 illatio
1730 737 1764 775 a
1809 699 2066 778 veritate

309 800 505 867 unius
542 798 1177 866 contradictoriarum·
1204 796 1283 861 ad
1323 797 1646 881 falsitatem
1680 797 1975 878 alteriuS‚
2008 813 2066 864 et

310 879 578 952 vicissim
623 909 658 949 a
696 882 959 952 falsitate
1000 882 1191 948 unius
1239 881 1318 944 ad
1364 884 1684 948 veritatem
1722 882 1994 961 alterius.

395 1033 535 1098 156.
577 1031 751 1097 Idem
779 1030 1128 1120 requiritur
1159 1028 1247 1093 ad
1273 1026 1586 1093 veritatem
1623 1029 2062 1117 propositionis

306 1118 598 1202 negativae
637 1116 813 1204 quod
838 1116 920 1179 ad
954 1114 1286 1181 falsitatem
1323 1112 1695 1181 affirmativae
1712 1160 1735 1190 ,
1770 1117 1947 1198 cujus
1975 1130 2067 1179 est

310 1201 814 1268 contradictoria.
856 1199 1094 1286 Estque
1126 1197 1257 1262 haec
1281 1198 1580 1263 tutissima
1610 1216 1672 1263 et
1700 1221 1853 1285 saepe
1878 1199 2066 1264 unica

309 1278 405 1350 via
444 1286 948 1375 propositionum
972 1282 1452 1370 compositarum
1499 1277 1917 1367 negativarum
1954 1306 2070 1348 ve-
2117 1347 2127 1357 ,

311 1372 560 1453 ritatem
600 1367 1023 1456 dignoscendi.

910 1598 1416 1654 'coROLLARmM
1459 1600 1511 1651 1.

388 1803 548 1889 ²57·
593 1790 955 1904 Copulativa
995 1803 1364 1869 affirmativa
1416 1782 1741 1888 aequivalet
1786 1799 2074 1887 disjunc«

318 1887 452 1953 tivae
501 1905 794 1972 negativae
838 1911 911 1956 ex
947 1887 1451 1959 contradictoriis
1488 1886 1786 1986 partium.

884 2147 1387 2213 conones-mun-
1434 2154 1515 2201 11.

424 2347 559 2415 1583
620 2348 1004 2431 Disiuncti‘va·
1045 2348 1412 2412 affirmativa
1454 2348 1784 2437 aequivalet
1830 2351 2081 2440 copula-

331 2435 467 2501 tivae
500 2451 581 2501 ex
621 2431 1134 2536 nonu-adictoriis·
1159 2431 1457 2521 partium.

415 2584 552 2663 139»
573 2583 886 2643 Senot-10⁸³
923 2582 1249 2643 Generatim
1268 2580 1636 2661 propositioni
1656 2583 2059 2643 contradicitur
2071 2625 2090 2658 ,

330 2660 384 2718 si
423 2663 541 2735 ejus
588 2659 773 2720 initio·
807 2661 1103 2736 particula·
1127 2682 1263 2734 non<
1291 2659 1648 2736 praefigatur:
1694 2659 1775 2716 sic
1818 2659 1865 2716 si
1907 2657 2045 2717 huie
2068 2682 2091 2717 .-

335 2738 601 2811 .Ioannes
638 2748 724 2794 est
746 2737 951 2795 doetus
981 2748 1041 2796 et
1108 2738 1203 2796 ius
1224 2777 1247 2805 ,
1286 2744 1577 2813 praeponas'
1593 2734 1927 2812 particulam
1947 2755 2092 2809 non,

337 2808 583 2870 habebis
612 2810 760 2870 hane
794 2834 807 2869 :
854 2834 976 2870 non
1054 2833 1276 2871 oannes
1309 2821 1399 2869 est
1426 2810 1631 2869 doetus
1668 2821 1726 2869 et
1756 2811 1901 2887 pius
1919 2850 1936 2881 ‚
1974 2825 2095 2886 quae

337 2885 548 2961 prioris
587 2888 1158 2961 est-contradictoria}
1204 2887 1316 2944 nisi
1357 2898 1541 2945 tamen
1579 2898 1837 2946 accentus
1861 2887 2097 2962 loquen-

342 2960 418 3018 tis
438 2969 441 2972 ’
460 2961 552 3018 vel
598 2961 708 3019 alia
768 2963 1189 3022 circumstantia
1254 2963 1504 3021 insinuet
1550 2964 1880 3040 particulam
1941 2963 2097 3021 illam

344 3055 461 3094 esse
509 3035 902 3095 infinitantem.
976 3039 1084 3096 Est·
1113 3039 1352 3115 quidem*
1384 3059 1579 3099 verum
1628 3040 1875 3116 aliquem
1924 3040 2096 3097 latine

343 3112 665 3188 loquentem
714 3132 829 3171 non
888 3114 1052 3173 facile
1105 3115 1206 3174 tali
1257 3116 1536 3175 locutione
1581 3116 1702 3188 uti,
1752 3118 1847 3173 sed
1885 3115 2097 3174 virtute

343 3186 506 3246 idem‘
544 3187 699 3248 facit·
724 3188 984 3264 quiunt„
1020 3190 1262 3266 priorem
1300 3189 1733 3270 propositionem
1766 3189 2099 3266 simpliciter

344 3274 547 3340 negat,
590 3275 690 3321 aut
729 3264 871 3322 dicit
917 3283 1031 3324 non
1068 3271 1422 3327 esse'verum
1470 3267 1741 3326 Joannem
1787 3286 1900 3324 esse
1937 3268 2099 3344 pium

343 3337 675 3398 et·d'octum.
723 3331 809 3399 De
841 3351 1036 3402 caetero
1070 3341 1186 3402 haec
1222 3346 1412 3420 regula
1455 3342 1810 3420 generalitate
1837 3364 1934 3409 sua
1981 3343 2098 3404 dis-

347 3413 604 3476 centibus
640 3416 967 3480 facilitatem
998 3419 1165 3496 parit.
1914 3445 1919 3450 ·
