2707 4611
617 277 739 344 106*
1004 309 1010 315 ·
1080 307 1084 314 ·
1380 275 1722 342 Dactatas

609 413 793 461 tamen
820 399 1031 475 optime
1056 402 1166 477 jam
1214 418 1312 458 nos
1344 415 1658 477 penetrasse
1701 401 2095 476 cogitabamus.
2137 404 2373 466 Accedit

610 477 760 555 quod
806 487 1024 552 optatus
1076 475 1330 534 lectionis
1376 479 1596 534 fructus
1640 477 1885 535 obtineri
1919 491 2201 556 nequeat,
2254 483 2370 540 nisi

611 572 734 632 quae
779 550 1073 627 legerimus
1119 550 1385 637 memoria
1438 548 1904 629 complectamur,
1960 574 2126 629 cume,
2176 557 2368 615 Tullio

607 640 777 699 teste,
808 638 1026 686 tantum
1054 645 1293 684 sciamus
1331 639 1605 703 quantum
1637 627 1900 686 memoria
1936 639 2225 707 tenemus3
2257 636 2367 709 jam

596 722 742 765 ‘vero
781 702 909 779 quis
947 702 1162 778 ignorat
1206 701 1596 777 repetitionem
1631 704 1983 780 frequentem
2008 707 2195 766 adres
2222 709 2368 783 ipsas

605 779 883 839 memoriae
913 777 1313 855 imprimendas
1337 777 1576 837 mirifice
1597 789 1662 836 et
1689 781 1808 838 sere
1830 779 2005 837 solum
2025 784 2362 842 conducere.

677 900 770 978 4⁰
811 892 1324 960 Continuationem
1355 902 1649 959 moraliter
1667 923 1786 964 non
1806 903 2189 980 interruptam
2189 929 2219 977 ,-
2257 908 2364 981 qui

606 980 759 1039 enim
787 977 1027 1051 longiori
1063 988 1309 1051 tempore
1343 976 1641 1035 lectionem
1680 977 1991 1036 inchoatam
2030 981 2360 1052 intermittit

594 1067 771 1131 ‘atque
807 1052 933 1109 aliis
974 1053 1185 1109 interea
1219 1053 1388 1109 rebus
1430 1071 1654 1127 operam
1697 1055 1820 1125 dat,
1839 1055 2015 1114 *novis
2049 1055 2188 1115 ideis
2229 1057 2357 1113 ani-

602 1148 760 1188 mum
791 1127 995 1185 imbuit
1014 1149 1031 1200 3
1078 1128 1231 1184 unde
1272 1127 1490 1187 necesse
1526 1141 1642 1200 est,
1695 1141 1758 1184 ut
1795 1131 1886 1188 vel
1925 1130 2175 1189 idearum
2222 1151 2354 1189 con·-
2447 1132 2457 1141 “

601 1205 750 1263 fusio
782 1204 843 1262 in
872 1216 1055 1263 mente
1083 1202 1327 1275 oriatur,
1348 1204 1455 1262 vel
1495 1215 1642 1262 certe
1685 1203 1881 1262 hausta
1917 1208 2027 1281 jam
2072 1206 2356 1283 principia

603 1301 678 1339 ex
720 1279 983 1338 memoria
999 1277 1262 1337 excidant
1293 1299 1306 1332 ε
1334 1277 1537 1336 horum
1560 1279 1853 1356 quidquid
1888 1281 2145 1354 eveniat,
2178 1301 2359 1341 nexus

604 1356 702 1414 ille
733 1355 1034 1416 veritatum
1064 1353 1310 1429 perspici
1350 1355 1591 1428 amplius
1628 1374 1743 1412 non
1784 1367 2001 1432 potest,
2034 1357 2097 1413 in
2128 1377 2242 1434 quo
2281 1369 2363 1416 ta-

603 1451 732 1491 men
766 1431 991 1507 praecise
1024 1431 1243 1488 fructus
1276 1428 1529 1488 consistit
1572 1431 1675 1508 qui
1708 1450 1780 1490 ex
1820 1432 1992 1490 libris
2034 1433 2363 1492 scientificis

601 1508 822 1585 percipi
852 1509 1034 1565 debet.

678 1614 764 1673 5.⁰
801 1615 1271 1692 Applicationem
1287 1635 1455 1692 ,quae
1476 1618 1753 1693 postulat,
1785 1631 1850 1676 ut
1873 1619 2366 1679 demonstrationes

588 1691 945 1751 ,universales
965 1733 983 1761 ,
1021 1711 1157 1766 quas
1184 1692 1247 1750 in
1278 1704 1504 1752 auctore
1526 1694 1761 1771 legimus
1778 1739 1797 1768 ,
1846 1697 1919 1753 ad
1961 1715 2121 1754 casus
2171 1698 2369 1770 singu-

602 1769 745 1826 lares
783 1768 1146 1838 reducamus,
1180 1769 1400 1826 easdem
1438 1769 1500 1826 in
1527 1786 1628 1827 sua
1657 1770 1947 1846 principia
1978 1772 2361 1841 resolvamus,

601 1843 823 1919 ipsique
863 1853 1137 1900 tentemus
1169 1841 1230 1898 in
1269 1863 1329 1900 re
1368 1843 1544 1902 simili
1568 1845 1811 1904 similem
1836 1846 2359 1904 demonstrationem

598 1919 890 1979 conficere.
909 1917 1030 1976 Hac
1055 1929 1205 1975 certo
1221 1918 1437 1979 ratione
1458 1931 1909 1996 argumentorum
1928 1922 2045 1979 vim
2062 1940 2125 1976 ac
2139 1921 2365 1991 pondus

575 1994 1002 2071 *perspiciemus
1035 2004 1090 2052 ct
1119 1995 1535 2053 demonstrandi
1571 1993 1829 2051 habitum
1863 1994 2024 2059 nobis
2055 2008 2347 2065 compara-

599 2071 788 2130 bimus
824 2092 837 2126 :
876 2090 986 2146 quo
1012 2081 1067 2127 et
1101 2070 1245 2127 illud
1279 2072 1524 2147 pertinet
1541 2113 1558 2143 ‚
1585 2079 1647 2124 ut
1681 2087 1804 2149 quae
1831 2065 2087 2125 meditati
2113 2085 2303 2124 sumus
2324 2111 2342 2141 ,

596 2146 849 2206 breviter
882 2147 943 2203 in
969 2144 1216 2204 chartam
1253 2147 1645 2223 conjiciamus,
1682 2156 1746 2200 ut
1785 2164 1849 2202 ea
1882 2155 2127 2219 tempore
2150 2161 2360 2218 oppor-

598 2232 737 2284 tuno
779 2241 908 2283 cum
945 2222 1072 2281 aliis
1108 2223 1518 2282 communicare
1558 2219 1852 2297 possimus·

966 2392 1278 2466 CAPUT
1325 2391 1997 2467 DUODECIMUM.
2069 2415 2085 2470 j
2117 2450 2123 2455 .

783 2552 894 2616 De
932 2576 1180 2630 errore,
1221 2539 1362 2638 ejus
1406 2550 1704 2635 fontibus
1739 2565 1807 2616 et
1847 2551 2169 2615 remediis.

682 2710 825 2777 285.
853 2709 988 2798 Qui
1020 2706 1433 2799 propositioni
1466 2705 1631 2770 falsae
1663 2728 1976 2770 assensum
1997 2750 2019 2789 ,
2066 2720 2174 2769 aut
2195 2725 2352 2768 verae

599 2793 938 2860 dissensum
983 2797 1218 2883 praebet
1236 2840 1256 2876 ,
1300 2814 1512 2857 errare
1550 2790 1784 2856 dicitur
1820 2811 1837 2855 :
1884 2788 2035 2854 hinc
2075 2789 2144 2853 in
2185 2789 2360 2870 ejus-

564 2895 565 2900 ’
599 2880 771 2942 modi
801 2904 1050 2945 assensu
1075 2881 1172 2945 vel
1199 2877 1478 2943 dissensu
1504 2899 1683 2941 error
1700 2873 1999 2941 consistit.
2019 2874 2123 2940 Sic
2157 2888 2358 2956 errat,

602 2963 717 3050 qui
750 2962 901 3027 dicit
936 2967 1210 3028 animam
1248 2964 1591 3028 humanam
1631 2985 1757 3027 esse
1792 2983 2042 3047 corpus.

564 3161 570 3166 ἡ
684 3077 829 3147 286.
873 3079 1351 3167 Proejudicium
1389 3099 1477 3148 est
1521 3080 1850 3168 anticipata
1884 3078 2171 3165 quaedam
2211 3076 2357 3140 ani-

600 3183 843 3249 moque,
890 3163 1013 3228 alte
1066 3162 1258 3228 infixa
1303 3166 1559 3251 opinio,
1600 3187 1726 3253 qua
1780 3165 1852 3229 in
1895 3187 2039 3228 casu
2081 3159 2353 3249 quodam

600 3247 900 3327 singulari
951 3248 1028 3312 ad
1073 3271 1412 3313 erroneum
1451 3249 1756 3332 judicium
1797 3246 2197 3313 formandum
2242 3242 2350 3303 in·-

549 3356 564 3368 ·
601 3330 915 3395 ducimur.
952 3332 1057 3396 Sic
1082 3332 1513 3420 praejudicium
1532 3349 1621 3397 est
1642 3330 1747 3397 illa
1771 3331 1986 3419 opinio
2009 3350 2148 3416 quae
2176 3324 2350 3409 vulgi

571 3415 822 3483 ,animis
878 3414 1136 3498 insidet,
1191 3419 1442 3504 corpori
1483 3418 1683 3485 calido
1723 3420 1917 3483 inesse
1965 3439 2108 3482 eum
2155 3435 2348 3500 quem

603 3505 670 3569 in
706 3500 882 3568 nohis
923 3504 1283 3587 experimur
1319 3500 1616 3567 calorem.
