2707 4611
614 214 697 280 24
789 223 794 224 ⁷
1309 216 1650 283 Tractatus

525 366 530 372 ·
616 348 759 401 mus
780 349 809 418 ῥ’
851 357 950 399 eas
968 334 1373 403 describimus
1393 385 1414 423 ,
1476 338 1599 403 hoc
1639 352 1772 419 est,
1829 359 2022 425 quam
2051 338 2357 426 plurimas

614 442 832 484 earum
876 436 1049 486 notas
1104 422 1569 489 accumulamus
1590 468 1611 506 ,
1658 421 1889 509 quibus
1954 421 2169 489 saltem
2239 450 2381 513 pro.
2468 457 2508 516 χ

612 503 830 590 aliquo
870 520 1149 591 tempore
1197 509 1275 573 ab
1320 506 1457 571 aliis
1514 508 1702 571 rebus
1745 505 2042 590 distingui
2097 508 2358 582 valeant.

612 587 720 651 Sic
754 586 1047 654 Historici
1088 592 1434 675 provincias
1452 637 1496 676 ‚.
1523 591 1711 657 urbes
1729 636 1750 674 ‚
1789 590 1952 669 facta
1995 592 2180 659 etiam
2217 619 2361 683 par-

611 670 915 760 ticularia,
929 674 1112 759 longa
1133 675 1526 760 singularum
1544 677 1816 763 partium
1833 722 1856 759 ‚
1883 679 2360 764 proprietatum,

611 755 1011 824 affectionum
1050 776 1114 824 et
1134 762 1740 827 circumstantiarum
1756 763 2229 832 enumeratione
2249 765 2363 829 de-
2448 793 2451 800 ’

612 841 902 932 pingunt.
932 843 1174 909 Eodem
1225 845 1413 911 modo
1476 846 1724 934 Physici
1775 846 2186 912 instrumenta
2243 848 2365 911 de-

616 926 905 992 scribunt
921 952 943 1013 3
975 928 1012 993 J
1016 928 1224 996 udices
1264 953 1518 1018 quoque
1540 932 1609 995 in
1636 929 1861 995 litteris
1944 930 2127 994 uibus
2177 953 2364 995 reum

612 1008 944 1092 fugitivum
992 1031 1454 1101 persequuntur
1469 1061 1491 1100 ,
1510 1014 1809 1100 ejusmodi
1830 1014 1904 1079 de
1950 1015 2214 1080 nitiones
2244 1016 2364 1079 ad-

614 1092 835 1161 hibent
853 1121 886 1179 ,‘
917 1095 1073 1161 dum
1121 1115 1449 1167 externum
1485 1103 1616 1186 ejus
1647 1100 1928 1170 habitum
1947 1146 1969 1185 ‚
2020 1115 2319 1194 staturam
2333 1143 2357 1184 ‚

618 1195 735 1243 etc.
755 1198 1140 1249 enumerant.
1418 1225 1425 1227 -

659 1329 662 1332 ·
744 1320 782 1363 o
803 1300 1006 1364 Restat
1063 1317 1135 1366 ut
1188 1300 1622 1368 examinentur
1677 1325 1746 1367 ea
1774 1291 1776 1293 ’
1801 1323 1941 1389 quae
1992 1298 2069 1365 ad
2131 1284 2366 1364 bonam

617 1382 695 1448 de
783 1384 1045 1453 itionem
1074 1385 1489 1472 requiruntur
1508 1410 1540 1473 3*
1571 1402 1949 1475 quapropter
2013 1400 2364 1471 sequuntur

995 1546 1209 1641 Leges
1260 1546 1470 1617 bonae
1533 1544 1986 1619 definitionis.

1205 1893 1208 1902 „
1278 1839 1417 1887 LEX
1456 1835 1703 1884 PRIMA„

705 1973 1027 2081 Definitio
1077 1985 1163 2048 sit
1212 1986 1449 2052 clarior
1490 2010 1603 2051 suo
1665 1985 1946 2071 definito.
1971 1986 2134 2054 Cum
2192 1983 2360 2048 enim

619 2065 897 2131 defimtio
936 2070 1017 2133 sit
1066 2069 1351 2156 quaedam
1389 2071 1718 2136 declaratio
1763 2071 2033 2146 definiti,
2072 2071 2123 2133 si
2176 2069 2366 2152 magis

619 2148 719 2213 vel
760 2159 937 2239 aequ'e
970 2153 1230 2219 obscura
1269 2155 1432 2222 foret
1463 2180 1533 2221 ac
1575 2177 1672 2220 res
1700 2155 1846 2243 'quae
1873 2180 1946 2221 ex
1991 2152 2227 2220 licanda
2246 2171 2369 2237 est,

619 2232 808 2299 finem
869 2258 1057 2301 suum
1127 2260 1257 2325 non
1301 2240 1631 2317 obtineret.
1652 2240 1888 2305 Contra
1936 2265 1939 2268 ’
1999 2263 2114 2304 anc
2169 2238 2374 2323 legem

618 2337 878 2405 peccant
913 2321 1125 2408 plures
1166 2323 1554 2391 definitiones
1579 2325 1961 2408 Aristotelis3
1994 2341 2067 2391 ut
2092 2324 2373 2388 definitio

621 2421 825 2468 motus
846 2450 867 2489 ,
911 2429 1050 2493 quae
1085 2407 1169 2471 oh
1196 2431 1370 2475 suam
1401 2411 1845 2474 obscuritatem
1870 2409 2130 2493 celebris
2158 2408 2375 2490 evasit-i

620 2487 832 2552 Actus
867 2490 1031 2553 entis·
1083 2489 1154 2556 in
1194 2495 1491 2578 potentia
1511 2540 1534 2568 ,
1619 2505 1892 2556 uatenus
1923 2491 1996 2553 in
2019 2490 2318 2573 potentia
2344 2516 2370 2566 ,-

621 2571 691 2635 in
727 2592 853 2659 qua
876 2574 1043 2638 notio
1067 2598 1206 2665 quae
1219 2576 1527 2643 formatur
1543 2599 1575 2637 a
1649 2575 1930 2638 auditum
1953 2572 2114 2637 vocis
2131 2583 2364 2647 motu-3,

620 2655 763 2742 plus
798 2657 1165 2725 obscuratur
1192 2659 1386 2749 quam
1433 2656 1802 2722 illustratur.

1037 2779 1163 2847 -Ex
1202 2781 1321 2847 hac
1356 2776 1571 2863 regula
1609 2776 1929 2864 sequitur:

710 2912 799 2964 1.⁰
825 2899 1001 2965 Nihil
1029 2923 1155 2967 esse
1180 2897 1604 2965 definiendum
1627 2895 1801 2994 quod
1838 2894 2068 2993 clarius
2107 2910 2168 2959 et
2191 2917 2375 2991 aper-

622 2982 749 3048 tius
785 2983 961 3048 reddi
992 3008 1123 3050 non
1166 3002 1368 3072 potest
1387 3031 1410 3070 ‚
1445 3001 1518 3060 ut
1561 2990 1898 3047 exzstentza
1919 3027 1940 3066 ‚
1981 2979 2371 3068 affirmatw,

626 3083 745 3132 etc·

711 3202 801 3252 2.⁰
828 3186 1170 3254 Definitum
1221 3209 1350 3251 non
1389 3210 1568 3273 posse
1601 3187 1844 3270 ingredi
1889 3182 2308 3251 definitionem
2348 3203 2372 3263 3

671 3273 772 3336 uia
808 3289 944 3337 tum
984 3296 1099 3360 pro
1178 3287 1303 3335 arte
1363 3272 1775 3356 explicaretur
1821 3269 1988 3334 idem
2025 3288 2135 3352 per
2179 3264 2370 3328 idem.

624 3296 727 3422 gie
774 3356 983 3421 vitiosa
1021 3374 1109 3422 est
1133 3295 1315 3420 ἵκοι
1358 3356 1707 3438 Quantitas
1739 3353 2152 3445 est'accidenq
2178 3373 2223 3413 a
2248 3371 2374 3435 quo

625 3464 723 3504 res
767 3440 1001 3506 dicitur
1078 3450 1304 3505 nanta.
1324 3438 1485 3504 Item
1518 3440 1772 3529 Logica
1814 3453 1904 3503 est
1925 3435 2193 3511 scz‘entca
2223 3455 2375 3522 quoe

477 3492 486 3502 Ι
575 3608 582 3617 ,
616 3525 820 3592 tradit
857 3548 973 3614 reg
1152 3524 1449 3613 Logice&
