2707 4611
961 293 1038 356 de
1083 290 1420 388 agina-‘'
1489 272 1492 275 Ι
1776 286 1778 293 ⁴
1919 290 2038 356 '155
2110 250 2116 257 ·

305 410 777 496 rem‘imputare
800 417 805 423 “
825 402 1060 475 debeat.
1103 410 1344 474 Verum
1384 407 1451 473 id
1493 418 1776 493 praestare
1822 406 2044 494 nequit

307 496 613 562 restrictio
650 512 805 582 pure
841 494 1193 567 mentalis}
1217 490 1414 579 qude
1438 493 1604 555 enim
1649 513 1821 555 mere
1858 490 2043 554 inter·

308 603 464 645 num
505 596 598 644 est
622 625 643 654 ‚
711 588 837 647 non‘
897 595 1117 666 potest⁴
1140 579 1475 649 verborum
1536 572 2046 657 significationem

300 681 416 729 vaut
447 662 879 750 propositionis
919 686 1166 727 sensum
1192 662 1553 726 immutare:
1596 659 1770 748 atqui
1796 659 2048 724 restric-

310 750 398 812 tio
438 770 598 834 pure
634 745 919 815 mentalis
957 764 1046 811 est
1077 767 1248 809 mere
1284 745 1570 828 interna3
1614 765 1761 826 ergo
1783 763 1914 807 nou
1936 764 2043 829 po·

308 848 426 897 test
458 832 938 917 propositionem
981 831 1057 894 de
1090 853 1152 894 se
1185 827 1542 895 mendacem
1592 827 1851 893 reddere
1886 849 2047 894 con—

311 917 575 981 formem
616 916 815 981 menti
855 913 1192 1003 loquentis.
1987 935 1992 939 ·

960 1052 1277 1104 OBJECTIO
1358 1052 1400 1099 Ῑ.
1444 1082 1451 1091 ·

392 1154 740 1249 Propositio
780 1163 860 1229 de
891 1187 956 1228 se
981 1163 1244 1234 mendax
1271 1160 1553 1226 redditur
1576 1181 1774 1259 verax·
1794 1180 1906 1259 per
1932 1179 2056 1222 res-
2159 1192 2166 1196 ·

312 1248 668 1310 trictionem
704 1247 986 1314 realem:
1028 1270 1175 1330 ergo
1218 1248 1405 1313 etiam'
1444 1268 1557 1333 per
1602 1260 2054 1313 restrictionem

315 1330 873 1417 puremeutalem.
1592 1328 1598 1336 ’
1653 1364 1656 1365 ’

326 1450 329 1453 ’
399 1453 470 1517 Ρ.
519 1453 592 1518 C.
659 1450 805 1518 Ideo
869 1451 1149 1521 redditur
1197 1469 1376 1518 verax
1428 1471 1543 1536 per
1584 1448 2058 1516 restrictionem

317 1536 589 1613 realem,
635 1539 782 1624 quia
827 1561 941 1625 per
980 1537 1148 1602 illam
1186 1535 1574 1619 restringitur
1610 1533 1951 1621 propositio
1979 1529 2058 1600 ad

204 1702 208 1705 Δ
318 1643 565 1685 sensum
594 1643 785 1706 quem
816 1621 1078 1710 loquens
1105 1620 1294 1684 habet
1314 1620 1384 1682 in
1414 1635 1654 1703 mente3
1678 1617 1852 1703 atqui
1877 1618 2080 1685 etiam-

271 1718 275 1723 ’
317 1704 409 1768 sic
444 1704 834 1790 restringitur
919 1729 988 1769 er
1027 1703 1476 1768 restrictionem
1504 1725 1661 1789 pure
1685 1700 2059 1787 mentalem:

321 1811 494 1872 ergo,
512 1789 698 1853 etiam
731 1812 843 1877 per
924 1810 1037 1853 anc
1076 1787 1415 1888 propositio
1458 1787 1614 1852 dese
1634 1783 1899 1851 mendax
1913 1787 2064 1852 red-

318 1871 489 1937 ditur
524 1873 867 1938 'conformis
911 1891 1102 1939 menn
1144 1873 1478 1959 loquentis.

400 1990 479 2053 R.
507 1989 587 2054 N.
619 1988 692 2053 C.
734 1989 897 2053 Cum
940 1989 1109 2053 enim
1148 1988 1449 2053 restrictio
1497 1985 1604 2049 illa
1642 1983 1719 2048 sit
1748 2000 1918 2050 mere
1955 1984 2066 2049 in·-

320 2088 494 2135 terna
536 2089 596 2136 et
644 2069 999 2139 nullatenus
1052 2072 1483 2138 manifestetur
1507 2117 1528 2153 ‚
1582 2070 2069 2155 propositionem

325 2155 696 2236 restringere
743 2179 872 2219 non
911 2173 1107 2241 potest
1153 2158 1230 2222 ad
1278 2178 1528 2222 sensum
1573 2177 1764 2241 quem
1803 2153 2071 2242 loquens

324 2235 517 2298 habet
550 2239 618 2299 in
653 2255 899 2321 mente,
950 2261 1066 2300 nec
1101 2258 1298 2323 potest
1329 2236 1676 2304 naturalem
1717 2260 1788 2300 ac
1823 2239 2097 2301 obviam.⁴

331 2320 766 2405 propositionis
801 2317 1305 2403 significationem
1347 2323 1704 2384 immutare.
1748 2319 1943 2384 Aliud
1984 2336 2072 2386 est

333 2404 409 2465 de
445 2403 832 2466 restrictione
887 2402 1088 2486 reali3
1134 2403 1264 2486 haec
1316 2402 1626 2487 siquidem
1680 2419 1932 2467 externa
1980 2420 2071 2469 est

329 2508 402 2549 ac
432 2487 705 2568 ejusdem
735 2487 987 2550 rationis
1024 2510 1170 2550 cum
1199 2486 1661 2573 propositione,
1698 2488 1781 2551 sic
1829 2511 1907 2551 ue
1942 2511 2073 2553 non

318 2571 561 2672 quinus·
585 2595 779 2659 quam
815 2572 945 2638 haec
978 2572 1175 2637 menti
1210 2588 1429 2637 nostrae
1456 2570 1591 2633 aliis
1615 2572 1783 2636 mani
1814 2573 2073 2640 estandae

328 2672 605 2721 inservit.
1937 2687 1943 2695 ·

983 2782 1277 2833 msnsts
1327 2777 1414 2829 1.⁰
1468 2770 1474 2776 “

414 2887 761 2974 Propositio
801 2903 888 2951 est
928 2911 1156 2964 verax,
1213 2890 1365 2953 dum
1425 2885 1703 2951 redditur
1742 2885 2077 2972 conformis

274 3001 310 3043 .-
339 2972 534 3032 menti
577 2970 931 3056 loquentis3
973 2974 1144 3058 atqui
1197 2971 1534 3071 propositio
1558 2969 1662 3035 'de
1704 2993 1767 3035 se
1814 2972 2077 3037 mendax

336 3053 620 3117 redditur
657 3055 994 3119 conformis
1024 3073 1214 3121 menti
1253 3055 1562 3145 loquentis
1594 3078 1707 3155 per
1743 3055 2078 3121 restrictio-

333 3160 481 3201 nem
514 3160 674 3223 pure
719 3138 1048 3202 mentalem
1080 3160 1095 3205 :
1136 3163 1282 3223 ergo
1318 3140 1656 3229 propositio
1697 3138 1775 3214 de
1796 3162 1859 3202 se
1891 3162 2079 3203 men-

333 3221 451 3285 dax
517 3244 629 3307 per
686 3223 1133 3287 restrictionem
1193 3248 1352 3312 pure
1412 3221 1749 3291 mentalem
1801 3222 2096 3291 redditur.
2135 3302 2142 3310 Ι

332 3328 540 3369 verax.

420 3411 490 3473 P.
521 3408 584 3475 S.
621 3408 968 3496 Propositio
992 3410 1257 3476 restricta
1280 3435 1437 3501 pure
1470 3410 1820 3477 mentaliter
1863 3408 2078 3476 reddi-

340 3508 444 3554 tur
466 3492 802 3558 conformis
824 3496 1017 3559 menti
1067 3496 1383 3595 loquentis
1407 3542 1427 3581 ,
1481 3496 1789 3596 dum-quis
1818 3495 1939 3557 sibi·
1972 3509 2079 3557 aut

339 3572 795 3723 Deo-{oquitur
826 3600 856 3664 z⁸
887 3602 1035 3664 ergo
1057 3595 1236 3647 enam
1279 3582 1428 3645 dum
1468 3577 1754 3669 loquttur
1790 3577 1925 3648 aliis
1961 3576 2082 3641 ho-

337 3680 497 3724 num
543 3682 636 3725 us.
