<?xml version="1.0" encoding="UTF-8"?>
<!DOCTYPE html PUBLIC "-//W3C//DTD XHTML 1.0 Transitional//EN"
    "http://www.w3.org/TR/xhtml1/DTD/xhtml1-transitional.dtd">
<html xmlns="http://www.w3.org/1999/xhtml" xml:lang="en" lang="en">
 <head>
  <title>
</title>
<meta http-equiv="Content-Type" content="text/html;charset=utf-8" />
  <meta name='ocr-system' content='tesseract 3.04.00' />
  <meta name='ocr-capabilities' content='ocr_page ocr_carea ocr_par ocr_line ocrx_word'/>
</head>
<body>
  <div class='ocr_page' id='page_1' title='image "./tractatusdelogi00unkngoog_0075.png"; bbox 0 0 2707 4611; ppageno 0'>
   <div class='ocr_carea' id='block_1_1' title="bbox 953 316 2050 435">
    <p class='ocr_par' dir='ltr' id='par_1_1' title="bbox 953 283 2050 435">
     <span class='ocr_line' id='line_1_1' title="bbox 953 316 2050 435; baseline 0.001 -29"><span class='ocrx_word' id='word_1_1' title='bbox 953 337 1043 410; x_wconf 74' lang='lat' dir='ltr'><strong>de</strong></span> <span class='ocrx_word' id='word_1_2' title='bbox 1094 316 1388 434; x_wconf 77' lang='lat' dir='ltr'><strong>Logica.</strong></span> <span class='ocrx_word' id='word_1_3' title='bbox 1963 338 2050 435; x_wconf 80' lang='grc'><strong>67</strong></span> 
     </span>
    </p>
   </div>
   <div class='ocr_carea' id='block_1_2' title="bbox 940 549 1435 597">
    <p class='ocr_par' dir='ltr' id='par_1_2' title="bbox 940 549 1435 597">
     <span class='ocr_line' id='line_1_2' title="bbox 940 549 1435 597; baseline 0 -3"><span class='ocrx_word' id='word_1_4' title='bbox 940 549 1435 597; x_wconf 80' lang='lat' dir='ltr'>COROLLARIUM.</span> 
     </span>
    </p>
   </div>
   <div class='ocr_carea' id='block_1_3' title="bbox 293 652 2053 1246">
    <p class='ocr_par' dir='ltr' id='par_1_3' title="bbox 293 652 2053 1246">
     <span class='ocr_line' id='line_1_3' title="bbox 397 652 2053 741; baseline -0.002 -21"><span class='ocrx_word' id='word_1_5' title='bbox 397 653 538 733; x_wconf 78' lang='lat'>185.</span> <span class='ocrx_word' id='word_1_6' title='bbox 580 652 745 718; x_wconf 88' lang='lat' dir='ltr'><strong>Cum</strong></span> <span class='ocrx_word' id='word_1_7' title='bbox 786 652 921 716; x_wconf 89' lang='lat' dir='ltr'><strong>fieri</strong></span> <span class='ocrx_word' id='word_1_8' title='bbox 951 655 1171 740; x_wconf 86' lang='lat' dir='ltr'><strong>possit,</strong></span> <span class='ocrx_word' id='word_1_9' title='bbox 1194 671 1265 718; x_wconf 89' lang='lat' dir='ltr'><strong>ut</strong></span> <span class='ocrx_word' id='word_1_10' title='bbox 1302 679 1386 717; x_wconf 86' lang='lat' dir='ltr'><strong>un</strong></span> <span class='ocrx_word' id='word_1_11' title='bbox 1398 678 1467 718; x_wconf 89' lang='lat' dir='ltr'><strong>us</strong></span> <span class='ocrx_word' id='word_1_12' title='bbox 1489 677 1604 741; x_wconf 86' lang='lat' dir='ltr'><strong>pro</strong></span> <span class='ocrx_word' id='word_1_13' title='bbox 1631 653 1880 719; x_wconf 85' lang='lat' dir='ltr'><strong>veritate</strong></span> <span class='ocrx_word' id='word_1_14' title='bbox 1904 675 2053 736; x_wconf 80' lang='lat' dir='ltr'><strong>cog·</strong></span> 
     </span>
     <span class='ocr_line' id='line_1_4' title="bbox 306 738 2049 825; baseline -0.001 -21"><span class='ocrx_word' id='word_1_15' title='bbox 306 754 522 805; x_wconf 84' lang='lat' dir='ltr'><strong>noscat</strong></span> <span class='ocrx_word' id='word_1_16' title='bbox 555 738 777 803; x_wconf 86' lang='lat' dir='ltr'><strong>indicia</strong></span> <span class='ocrx_word' id='word_1_17' title='bbox 800 761 942 801; x_wconf 85' lang='lat' dir='ltr'><strong>vere</strong></span> <span class='ocrx_word' id='word_1_18' title='bbox 983 738 1348 810; x_wconf 83' lang='lat' dir='ltr'><strong>sufficientia</strong></span> <span class='ocrx_word' id='word_1_19' title='bbox 1375 762 1516 825; x_wconf 85' lang='lat' dir='ltr'><strong>quae</strong></span> <span class='ocrx_word' id='word_1_20' title='bbox 1539 739 1802 803; x_wconf 84' lang='lat' dir='ltr'><strong>alterum</strong></span> <span class='ocrx_word' id='word_1_21' title='bbox 1827 738 2049 814; x_wconf 74' lang='lat' dir='ltr'><strong>latent3</strong></span> 
     </span>
     <span class='ocr_line' id='line_1_5' title="bbox 302 822 2050 907; baseline -0.001 -20"><span class='ocrx_word' id='word_1_22' title='bbox 302 825 458 889; x_wconf 88' lang='lat' dir='ltr'><strong>item</strong></span> <span class='ocrx_word' id='word_1_23' title='bbox 498 840 567 886; x_wconf 89' lang='lat' dir='ltr'><strong>ut</strong></span> <span class='ocrx_word' id='word_1_24' title='bbox 609 846 771 887; x_wconf 89' lang='lat' dir='ltr'><strong>unus</strong></span> <span class='ocrx_word' id='word_1_25' title='bbox 814 822 1234 904; x_wconf 67' lang='lat' dir='ltr'><strong>indiciorum,</strong></span> <span class='ocrx_word' id='word_1_26' title='bbox 1275 845 1412 907; x_wconf 85' lang='lat' dir='ltr'><strong>quae</strong></span> <span class='ocrx_word' id='word_1_27' title='bbox 1455 822 1710 905; x_wconf 80' lang='lat' dir='ltr'>adsunt,</span> <span class='ocrx_word' id='word_1_28' title='bbox 1747 823 2050 886; x_wconf 87' lang='lat' dir='ltr'><strong>sufficien-</strong></span> 
     </span>
     <span class='ocr_line' id='line_1_6' title="bbox 303 905 2048 995; baseline -0.002 -22"><span class='ocrx_word' id='word_1_29' title='bbox 303 909 455 973; x_wconf 85' lang='lat' dir='ltr'><strong>tiam</strong></span> <span class='ocrx_word' id='word_1_30' title='bbox 490 908 822 995; x_wconf 88' lang='lat' dir='ltr'><strong>perspiciat</strong></span> <span class='ocrx_word' id='word_1_31' title='bbox 861 924 922 969; x_wconf 91' lang='lat' dir='ltr'><strong>et</strong></span> <span class='ocrx_word' id='word_1_32' title='bbox 960 906 1113 971; x_wconf 62' lang='lat' dir='ltr'><strong>aiter</strong></span> <span class='ocrx_word' id='word_1_33' title='bbox 1150 915 1319 986; x_wconf 87' lang='lat' dir='ltr'><strong>non,</strong></span> <span class='ocrx_word' id='word_1_34' title='bbox 1371 905 1506 969; x_wconf 89' lang='lat' dir='ltr'><strong>fieri</strong></span> <span class='ocrx_word' id='word_1_35' title='bbox 1537 929 1789 993; x_wconf 89' lang='lat' dir='ltr'><strong>quoque</strong></span> <span class='ocrx_word' id='word_1_36' title='bbox 1816 923 2048 992; x_wconf 85' lang='lat' dir='ltr'><strong>potest,</strong></span> 
     </span>
     <span class='ocr_line' id='line_1_7' title="bbox 302 990 2050 1058; baseline -0.002 0"><span class='ocrx_word' id='word_1_37' title='bbox 302 1009 376 1058; x_wconf 86' lang='lat' dir='ltr'><strong>ut</strong></span> <span class='ocrx_word' id='word_1_38' title='bbox 414 992 490 1054; x_wconf 93' lang='lat' dir='ltr'><strong>de</strong></span> <span class='ocrx_word' id='word_1_39' title='bbox 529 992 742 1056; x_wconf 85' lang='lat' dir='ltr'><strong>eadem</strong></span> <span class='ocrx_word' id='word_1_40' title='bbox 786 992 1037 1055; x_wconf 87' lang='lat' dir='ltr'><strong>veritate</strong></span> <span class='ocrx_word' id='word_1_41' title='bbox 1072 1014 1239 1054; x_wconf 87' lang='lat' dir='ltr'><strong>unus</strong></span> <span class='ocrx_word' id='word_1_42' title='bbox 1273 1006 1477 1052; x_wconf 88' lang='lat' dir='ltr'><strong>certus</strong></span> <span class='ocrx_word' id='word_1_43' title='bbox 1521 992 1599 1052; x_wconf 88' lang='lat' dir='ltr'><strong>sit</strong></span> <span class='ocrx_word' id='word_1_44' title='bbox 1653 1009 1710 1053; x_wconf 87' lang='lat' dir='ltr'><strong>et</strong></span> <span class='ocrx_word' id='word_1_45' title='bbox 1747 990 1900 1053; x_wconf 76' lang='lat' dir='ltr'><strong>alter</strong></span> <span class='ocrx_word' id='word_1_46' title='bbox 1941 991 2050 1055; x_wconf 85' lang='lat' dir='ltr'><strong>in·-</strong></span> 
     </span>
     <span class='ocr_line' id='line_1_8' title="bbox 301 1072 2044 1156; baseline 0 -16"><span class='ocrx_word' id='word_1_47' title='bbox 301 1092 520 1140; x_wconf 80' lang='lat' dir='ltr'><strong>certuS.</strong></span> <span class='ocrx_word' id='word_1_48' title='bbox 558 1075 662 1140; x_wconf 89' lang='lat' dir='ltr'><strong>Sic</strong></span> <span class='ocrx_word' id='word_1_49' title='bbox 696 1075 850 1139; x_wconf 87' lang='lat' dir='ltr'><strong>olim</strong></span> <span class='ocrx_word' id='word_1_50' title='bbox 904 1075 1125 1139; x_wconf 77' lang='lat' dir='ltr'>incerti</span> <span class='ocrx_word' id='word_1_51' title='bbox 1168 1091 1343 1136; x_wconf 87' lang='lat' dir='ltr'><strong>erant</strong></span> <span class='ocrx_word' id='word_1_52' title='bbox 1388 1072 1464 1136; x_wconf 90' lang='lat' dir='ltr'><strong>de</strong></span> <span class='ocrx_word' id='word_1_53' title='bbox 1511 1074 1761 1136; x_wconf 84' lang='lat' dir='ltr'><strong>veritate</strong></span> <span class='ocrx_word' id='word_1_54' title='bbox 1804 1075 1991 1156; x_wconf 77' lang='lat' dir='ltr'><strong>hujus</strong></span> <span class='ocrx_word' id='word_1_55' title='bbox 2026 1094 2044 1140; x_wconf 85' lang='lat'>:</span> 
     </span>
     <span class='ocr_line' id='line_1_9' title="bbox 293 1156 2046 1246; baseline -0.001 -21"><span class='ocrx_word' id='word_1_56' title='bbox 293 1160 546 1225; x_wconf 78' lang='lat' dir='ltr'><strong>dantur</strong></span> <span class='ocrx_word' id='word_1_57' title='bbox 562 1160 935 1246; x_wconf 77' lang='lat' dir='ltr'><strong>antipodes3</strong></span> <span class='ocrx_word' id='word_1_58' title='bbox 956 1182 1069 1224; x_wconf 88' lang='lat' dir='ltr'><strong>nos</strong></span> <span class='ocrx_word' id='word_1_59' title='bbox 1092 1173 1301 1221; x_wconf 85' lang='lat' dir='ltr'><strong>contra</strong></span> <span class='ocrx_word' id='word_1_60' title='bbox 1319 1160 1443 1240; x_wconf 89' lang='lat' dir='ltr'><strong>jam</strong></span> <span class='ocrx_word' id='word_1_61' title='bbox 1467 1156 1786 1222; x_wconf 71' lang='lat' dir='ltr'><strong>certissimi</strong></span> <span class='ocrx_word' id='word_1_62' title='bbox 1807 1178 2046 1223; x_wconf 78' lang='lat' dir='ltr'><strong>sumus·</strong></span> 
     </span>
    </p>
   </div>
   <div class='ocr_carea' id='block_1_4' title="bbox 291 1281 2050 2128">
    <p class='ocr_par' dir='ltr' id='par_1_4' title="bbox 291 1281 2050 2128">
     <span class='ocr_line' id='line_1_10' title="bbox 382 1281 2048 1372; baseline -0.002 -20"><span class='ocrx_word' id='word_1_63' title='bbox 382 1285 529 1352; x_wconf 81' lang='lat'><strong>184.</strong></span> <span class='ocrx_word' id='word_1_64' title='bbox 568 1285 906 1351; x_wconf 83' lang='lat' dir='ltr'><strong>Necessitas</strong></span> <span class='ocrx_word' id='word_1_65' title='bbox 923 1333 943 1371; x_wconf 89' lang='lat'><strong><em>,</em></strong></span> <span class='ocrx_word' id='word_1_66' title='bbox 970 1308 1097 1372; x_wconf 84' lang='lat' dir='ltr'><strong>qua</strong></span> <span class='ocrx_word' id='word_1_67' title='bbox 1118 1281 1344 1347; x_wconf 87' lang='lat' dir='ltr'><strong>indicia</strong></span> <span class='ocrx_word' id='word_1_68' title='bbox 1379 1281 1746 1348; x_wconf 81' lang='lat' dir='ltr'><strong>sufficientia</strong></span> <span class='ocrx_word' id='word_1_69' title='bbox 1769 1306 1917 1362; x_wconf 85' lang='lat' dir='ltr'><strong>cum</strong></span> <span class='ocrx_word' id='word_1_70' title='bbox 1943 1309 2048 1350; x_wconf 85' lang='lat' dir='ltr'><strong>ve·-</strong></span> 
     </span>
     <span class='ocr_line' id='line_1_11' title="bbox 295 1366 2050 1455; baseline -0.003 -20"><span class='ocrx_word' id='word_1_71' title='bbox 295 1369 478 1435; x_wconf 83' lang='lat' dir='ltr'><strong>ritate</strong></span> <span class='ocrx_word' id='word_1_72' title='bbox 526 1369 904 1455; x_wconf 87' lang='lat' dir='ltr'><strong>copulantur</strong></span> <span class='ocrx_word' id='word_1_73' title='bbox 923 1416 944 1452; x_wconf 89' lang='lat'>‚</span> <span class='ocrx_word' id='word_1_74' title='bbox 998 1368 1075 1434; x_wconf 88' lang='lat' dir='ltr'><strong>tri</strong></span> <span class='ocrx_word' id='word_1_75' title='bbox 1121 1367 1223 1433; x_wconf 87' lang='lat' dir='ltr'><strong>lex</strong></span> <span class='ocrx_word' id='word_1_76' title='bbox 1270 1384 1361 1432; x_wconf 89' lang='lat' dir='ltr'><strong>est</strong></span> <span class='ocrx_word' id='word_1_77' title='bbox 1377 1413 1399 1451; x_wconf 87' lang='lat'>,</span> <span class='ocrx_word' id='word_1_78' title='bbox 1442 1366 1669 1431; x_wconf 88' lang='lat' dir='ltr'><strong>scilicet</strong></span> <span class='ocrx_word' id='word_1_79' title='bbox 1709 1370 2050 1453; x_wconf 68' lang='lat' dir='ltr'><strong>metaphy-</strong></span> 
     </span>
     <span class='ocr_line' id='line_1_12' title="bbox 296 1391 2050 1540; baseline -0.002 -23"><span class='ocrx_word' id='word_1_80' title='bbox 296 1454 459 1530; x_wconf 70' lang='lat' dir='ltr'><strong>sica,</strong></span> <span class='ocrx_word' id='word_1_81' title='bbox 491 1453 775 1540; x_wconf 76' lang='lat' dir='ltr'><strong>physica</strong></span> <span class='ocrx_word' id='word_1_82' title='bbox 800 1473 858 1519; x_wconf 91' lang='lat' dir='ltr'><strong>et</strong></span> <span class='ocrx_word' id='word_1_83' title='bbox 889 1391 1177 1529; x_wconf 48' lang='lat' dir='ltr'><strong>moraiiae</strong></span> <span class='ocrx_word' id='word_1_84' title='bbox 1208 1451 1376 1517; x_wconf 90' lang='lat' dir='ltr'><strong>unde</strong></span> <span class='ocrx_word' id='word_1_85' title='bbox 1412 1469 1472 1515; x_wconf 88' lang='lat' dir='ltr'><strong>et</strong></span> <span class='ocrx_word' id='word_1_86' title='bbox 1500 1452 1716 1515; x_wconf 83' lang='lat' dir='ltr'><strong>certitu</strong></span> <span class='ocrx_word' id='word_1_87' title='bbox 1727 1449 1805 1511; x_wconf 89' lang='lat' dir='ltr'><strong>do</strong></span> <span class='ocrx_word' id='word_1_88' title='bbox 1828 1452 2050 1514; x_wconf 74' lang='lat' dir='ltr'><strong>exiliis</strong></span> 
     </span>
     <span class='ocr_line' id='line_1_13' title="bbox 295 1532 2044 1618; baseline -0.002 -18"><span class='ocrx_word' id='word_1_89' title='bbox 295 1555 437 1601; x_wconf 83' lang='lat' dir='ltr'><strong>orta</strong></span> <span class='ocrx_word' id='word_1_90' title='bbox 472 1537 692 1601; x_wconf 88' lang='lat' dir='ltr'><strong>eodem</strong></span> <span class='ocrx_word' id='word_1_91' title='bbox 711 1538 899 1603; x_wconf 80' lang='lat' dir='ltr'><strong>modo</strong></span> <span class='ocrx_word' id='word_1_92' title='bbox 920 1538 1241 1607; x_wconf 83' lang='lat' dir='ltr'><strong>dividitur.</strong></span> <span class='ocrx_word' id='word_1_93' title='bbox 1268 1535 1595 1601; x_wconf 85' lang='lat' dir='ltr'><strong>Certitudo</strong></span> <span class='ocrx_word' id='word_1_94' title='bbox 1632 1532 2044 1618; x_wconf 84' lang='lat' dir='ltr'><strong>metaphysica</strong></span> 
     </span>
     <span class='ocr_line' id='line_1_14' title="bbox 302 1616 2045 1703; baseline -0.002 -21"><span class='ocrx_word' id='word_1_95' title='bbox 302 1619 611 1703; x_wconf 81' lang='lat' dir='ltr'><strong>hahetur,</strong></span> <span class='ocrx_word' id='word_1_96' title='bbox 647 1622 698 1684; x_wconf 92' lang='lat' dir='ltr'><strong>si</strong></span> <span class='ocrx_word' id='word_1_97' title='bbox 733 1622 1039 1685; x_wconf 84' lang='lat' dir='ltr'><strong>connexio</strong></span> <span class='ocrx_word' id='word_1_98' title='bbox 1087 1621 1408 1686; x_wconf 85' lang='lat' dir='ltr'><strong>veritatem</strong></span> <span class='ocrx_word' id='word_1_99' title='bbox 1450 1620 1618 1683; x_wconf 74' lang='lat' dir='ltr'><strong>inter</strong></span> <span class='ocrx_word' id='word_1_100' title='bbox 1664 1635 1726 1682; x_wconf 91' lang='lat' dir='ltr'><strong>et</strong></span> <span class='ocrx_word' id='word_1_101' title='bbox 1770 1616 1995 1679; x_wconf 86' lang='lat' dir='ltr'><strong>indicia</strong></span> <span class='ocrx_word' id='word_1_102' title='bbox 2025 1666 2045 1698; x_wconf 89' lang='lat'><strong>‚</strong></span> 
     </span>
     <span class='ocr_line' id='line_1_15' title="bbox 299 1702 2048 1791; baseline -0.003 -23"><span class='ocrx_word' id='word_1_103' title='bbox 299 1703 719 1791; x_wconf 81' lang='lat' dir='ltr'><strong>metaphysice</strong></span> <span class='ocrx_word' id='word_1_104' title='bbox 749 1705 1085 1788; x_wconf 77' lang='lat' dir='ltr'><strong>necessaria</strong></span> <span class='ocrx_word' id='word_1_105' title='bbox 1126 1704 1358 1787; x_wconf 84' lang='lat' dir='ltr'><strong>suerit3</strong></span> <span class='ocrx_word' id='word_1_106' title='bbox 1387 1721 1457 1766; x_wconf 91' lang='lat' dir='ltr'><strong>ut</strong></span> <span class='ocrx_word' id='word_1_107' title='bbox 1480 1704 1546 1765; x_wconf 89' lang='lat' dir='ltr'><strong>in</strong></span> <span class='ocrx_word' id='word_1_108' title='bbox 1569 1703 1686 1765; x_wconf 89' lang='lat' dir='ltr'><strong>hac</strong></span> <span class='ocrx_word' id='word_1_109' title='bbox 1718 1724 1734 1766; x_wconf 89' lang='lat'>:</span> <span class='ocrx_word' id='word_1_110' title='bbox 1773 1702 2048 1764; x_wconf 72' lang='lat' dir='ltr'><strong>circulus</strong></span> 
     </span>
     <span class='ocr_line' id='line_1_16' title="bbox 297 1786 2046 1875; baseline 0 -26"><span class='ocrx_word' id='word_1_111' title='bbox 297 1798 397 1850; x_wconf 78' lang='lat' dir='ltr'><strong>est</strong></span> <span class='ocrx_word' id='word_1_112' title='bbox 441 1789 772 1853; x_wconf 80' lang='lat' dir='ltr'><strong>rotundus.</strong></span> <span class='ocrx_word' id='word_1_113' title='bbox 811 1789 878 1855; x_wconf 91' lang='lat' dir='ltr'><strong>Si</strong></span> <span class='ocrx_word' id='word_1_114' title='bbox 920 1789 1225 1854; x_wconf 85' lang='lat' dir='ltr'><strong>connexio</strong></span> <span class='ocrx_word' id='word_1_115' title='bbox 1261 1788 1340 1852; x_wconf 86' lang='lat' dir='ltr'><strong>sit</strong></span> <span class='ocrx_word' id='word_1_116' title='bbox 1373 1788 1624 1875; x_wconf 81' lang='lat' dir='ltr'><strong>physice</strong></span> <span class='ocrx_word' id='word_1_117' title='bbox 1665 1786 1995 1850; x_wconf 87' lang='lat' dir='ltr'><strong>necessaria</strong></span> <span class='ocrx_word' id='word_1_118' title='bbox 2025 1832 2046 1869; x_wconf 88' lang='lat'>,</span> 
     </span>
     <span class='ocr_line' id='line_1_17' title="bbox 291 1870 2050 1961; baseline -0.002 -26"><span class='ocrx_word' id='word_1_119' title='bbox 291 1870 622 1948; x_wconf 54' lang='lat' dir='ltr'><strong>certitudo,</strong></span> <span class='ocrx_word' id='word_1_120' title='bbox 663 1874 916 1961; x_wconf 83' lang='lat' dir='ltr'><strong>physica</strong></span> <span class='ocrx_word' id='word_1_121' title='bbox 974 1874 1129 1951; x_wconf 78' lang='lat' dir='ltr'><strong>erit3</strong></span> <span class='ocrx_word' id='word_1_122' title='bbox 1170 1888 1245 1937; x_wconf 85' lang='lat' dir='ltr'><strong>ut</strong></span> <span class='ocrx_word' id='word_1_123' title='bbox 1298 1873 1366 1935; x_wconf 90' lang='lat' dir='ltr'><strong>in</strong></span> <span class='ocrx_word' id='word_1_124' title='bbox 1404 1873 1586 1950; x_wconf 74' lang='lat' dir='ltr'><strong>hac:</strong></span> <span class='ocrx_word' id='word_1_125' title='bbox 1633 1893 1864 1955; x_wconf 74' lang='lat' dir='ltr'><strong>eorpus</strong></span> <span class='ocrx_word' id='word_1_126' title='bbox 1915 1892 2050 1933; x_wconf 84' lang='lat' dir='ltr'><strong>non</strong></span> 
     </span>
     <span class='ocr_line' id='line_1_18' title="bbox 291 1954 2047 2043; baseline -0.001 -25"><span class='ocrx_word' id='word_1_127' title='bbox 291 1954 636 2043; x_wconf 76' lang='lat' dir='ltr'><strong>suffultum</strong></span> <span class='ocrx_word' id='word_1_128' title='bbox 666 1958 861 2022; x_wconf 80' lang='lat' dir='ltr'><strong>eadit.</strong></span> <span class='ocrx_word' id='word_1_129' title='bbox 908 1956 1154 2021; x_wconf 86' lang='lat' dir='ltr'><strong>Moralis</strong></span> <span class='ocrx_word' id='word_1_130' title='bbox 1179 1954 1432 2021; x_wconf 84' lang='lat' dir='ltr'><strong>tandem</strong></span> <span class='ocrx_word' id='word_1_131' title='bbox 1473 1956 1628 2034; x_wconf 86' lang='lat' dir='ltr'><strong>erit,</strong></span> <span class='ocrx_word' id='word_1_132' title='bbox 1663 1956 1716 2019; x_wconf 88' lang='lat' dir='ltr'><strong>si</strong></span> <span class='ocrx_word' id='word_1_133' title='bbox 1742 1954 2047 2019; x_wconf 85' lang='lat' dir='ltr'><strong>connexio</strong></span> 
     </span>
     <span class='ocr_line' id='line_1_19' title="bbox 292 2037 2050 2128; baseline -0.002 -24"><span class='ocrx_word' id='word_1_134' title='bbox 292 2039 613 2105; x_wconf 82' lang='lat' dir='ltr'><strong>moraliter</strong></span> <span class='ocrx_word' id='word_1_135' title='bbox 646 2041 986 2107; x_wconf 81' lang='lat' dir='ltr'><strong>necessaria</strong></span> <span class='ocrx_word' id='word_1_136' title='bbox 1009 2043 1121 2128; x_wconf 85' lang='lat' dir='ltr'><strong>sit3</strong></span> <span class='ocrx_word' id='word_1_137' title='bbox 1163 2041 1326 2107; x_wconf 88' lang='lat' dir='ltr'><strong>utin</strong></span> <span class='ocrx_word' id='word_1_138' title='bbox 1348 2042 1466 2106; x_wconf 82' lang='lat' dir='ltr'><strong>hac</strong></span> <span class='ocrx_word' id='word_1_139' title='bbox 1503 2061 1519 2107; x_wconf 74' lang='grc' dir='ltr'><strong><em>ε</em></strong></span> <span class='ocrx_word' id='word_1_140' title='bbox 1563 2040 1799 2104; x_wconf 74' lang='lat' dir='ltr'><strong>Coesar</strong></span> <span class='ocrx_word' id='word_1_141' title='bbox 1821 2037 2050 2103; x_wconf 76' lang='lat' dir='ltr'><strong>devicit</strong></span> 
     </span>
    </p>
   </div>
   <div class='ocr_carea' id='block_1_5' title="bbox 279 2123 547 2187">
    <p class='ocr_par' dir='ltr' id='par_1_5' title="bbox 279 2123 547 2187">
     <span class='ocr_line' id='line_1_20' title="bbox 279 2123 547 2187; baseline 0 0"><span class='ocrx_word' id='word_1_142' title='bbox 279 2171 282 2174; x_wconf 92' lang='lat'>-</span> <span class='ocrx_word' id='word_1_143' title='bbox 300 2123 547 2187; x_wconf 75' lang='lat' dir='ltr'><strong>Gallos.</strong></span> 
     </span>
    </p>
   </div>
   <div class='ocr_carea' id='block_1_6' title="bbox 296 2236 2112 2973">
    <p class='ocr_par' dir='ltr' id='par_1_6' title="bbox 296 2236 2112 2843">
     <span class='ocr_line' id='line_1_21' title="bbox 376 2236 2046 2317; baseline 0.003 -24"><span class='ocrx_word' id='word_1_144' title='bbox 376 2236 499 2295; x_wconf 86' lang='lat'>185.</span> <span class='ocrx_word' id='word_1_145' title='bbox 540 2239 842 2297; x_wconf 68' lang='lat' dir='ltr'><strong>Senomou.</strong></span> <span class='ocrx_word' id='word_1_146' title='bbox 888 2240 1115 2297; x_wconf 80' lang='lat' dir='ltr'><strong>1.-Inter</strong></span> <span class='ocrx_word' id='word_1_147' title='bbox 1142 2241 1253 2299; x_wconf 86' lang='lat' dir='ltr'><strong>tria</strong></span> <span class='ocrx_word' id='word_1_148' title='bbox 1278 2240 1396 2299; x_wconf 79' lang='lat' dir='ltr'><strong>haec</strong></span> <span class='ocrx_word' id='word_1_149' title='bbox 1417 2242 1819 2300; x_wconf 75' lang='lat' dir='ltr'><strong>certitudinum</strong></span> <span class='ocrx_word' id='word_1_150' title='bbox 1846 2259 2046 2317; x_wconf 83' lang='lat' dir='ltr'><strong>genera</strong></span> 
     </span>
     <span class='ocr_line' id='line_1_22' title="bbox 296 2315 2046 2392; baseline 0.002 -22"><span class='ocrx_word' id='word_1_151' title='bbox 296 2330 621 2388; x_wconf 82' lang='lat' dir='ltr'><strong>supremum</strong></span> <span class='ocrx_word' id='word_1_152' title='bbox 661 2317 894 2386; x_wconf 84' lang='lat' dir='ltr'><strong>gradum</strong></span> <span class='ocrx_word' id='word_1_153' title='bbox 937 2315 1155 2370; x_wconf 81' lang='lat' dir='ltr'><strong>obtinet</strong></span> <span class='ocrx_word' id='word_1_154' title='bbox 1202 2317 1608 2387; x_wconf 79' lang='lat' dir='ltr'><strong>metaphysica,</strong></span> <span class='ocrx_word' id='word_1_155' title='bbox 1658 2335 1780 2389; x_wconf 83' lang='lat' dir='ltr'><strong>quae</strong></span> <span class='ocrx_word' id='word_1_156' title='bbox 1832 2337 1903 2373; x_wconf 89' lang='lat' dir='ltr'><strong>ne</strong></span> <span class='ocrx_word' id='word_1_157' title='bbox 1946 2336 2046 2392; x_wconf 92' lang='lat' dir='ltr'><strong>per</strong></span> 
     </span>
     <span class='ocr_line' id='line_1_23' title="bbox 300 2386 2046 2465; baseline 0.003 -20"><span class='ocrx_word' id='word_1_158' title='bbox 300 2388 484 2463; x_wconf 89' lang='lat' dir='ltr'><strong>ipsum</strong></span> <span class='ocrx_word' id='word_1_159' title='bbox 518 2386 747 2464; x_wconf 87' lang='lat' dir='ltr'><strong>quidem</strong></span> <span class='ocrx_word' id='word_1_160' title='bbox 782 2388 964 2444; x_wconf 90' lang='lat' dir='ltr'><strong>Deum</strong></span> <span class='ocrx_word' id='word_1_161' title='bbox 985 2429 1003 2458; x_wconf 91' lang='lat'><em>,</em></span> <span class='ocrx_word' id='word_1_162' title='bbox 1026 2388 1270 2462; x_wconf 85' lang='lat' dir='ltr'><strong>adeoque</strong></span> <span class='ocrx_word' id='word_1_163' title='bbox 1291 2389 1451 2444; x_wconf 85' lang='lat' dir='ltr'><strong>nullo</strong></span> <span class='ocrx_word' id='word_1_164' title='bbox 1479 2389 1540 2445; x_wconf 92' lang='lat' dir='ltr'><strong>in</strong></span> <span class='ocrx_word' id='word_1_165' title='bbox 1571 2408 1699 2446; x_wconf 86' lang='lat' dir='ltr'><strong>casu</strong></span> <span class='ocrx_word' id='word_1_166' title='bbox 1729 2401 1903 2465; x_wconf 87' lang='lat' dir='ltr'><strong>potest</strong></span> <span class='ocrx_word' id='word_1_167' title='bbox 1933 2412 2046 2451; x_wconf 89' lang='lat' dir='ltr'><strong>esse</strong></span> 
     </span>
     <span class='ocr_line' id='line_1_24' title="bbox 296 2460 2046 2540; baseline 0.002 -19"><span class='ocrx_word' id='word_1_168' title='bbox 296 2463 456 2521; x_wconf 81' lang='lat' dir='ltr'><strong>falsa.</strong></span> <span class='ocrx_word' id='word_1_169' title='bbox 487 2461 751 2521; x_wconf 88' lang='lat' dir='ltr'><strong>Succedit</strong></span> <span class='ocrx_word' id='word_1_170' title='bbox 783 2460 1014 2538; x_wconf 84' lang='lat' dir='ltr'><strong>physica</strong></span> <span class='ocrx_word' id='word_1_171' title='bbox 1033 2503 1048 2532; x_wconf 92' lang='lat'>,</span> <span class='ocrx_word' id='word_1_172' title='bbox 1088 2480 1210 2536; x_wconf 83' lang='lat' dir='ltr'><strong>quae</strong></span> <span class='ocrx_word' id='word_1_173' title='bbox 1244 2461 1473 2537; x_wconf 86' lang='lat' dir='ltr'><strong>quidem</strong></span> <span class='ocrx_word' id='word_1_174' title='bbox 1514 2464 1648 2520; x_wconf 76' lang='lat' dir='ltr'><strong>falsa</strong></span> <span class='ocrx_word' id='word_1_175' title='bbox 1682 2478 1855 2539; x_wconf 81' lang='lat' dir='ltr'><strong>potest</strong></span> <span class='ocrx_word' id='word_1_176' title='bbox 1888 2487 2002 2525; x_wconf 88' lang='lat' dir='ltr'><strong>esse</strong></span> <span class='ocrx_word' id='word_1_177' title='bbox 2027 2511 2046 2540; x_wconf 91' lang='lat'><em>‚</em></span> 
     </span>
     <span class='ocr_line' id='line_1_25' title="bbox 296 2536 2048 2616; baseline 0.001 -19"><span class='ocrx_word' id='word_1_178' title='bbox 296 2541 394 2598; x_wconf 86' lang='lat' dir='ltr'><strong>sed</strong></span> <span class='ocrx_word' id='word_1_179' title='bbox 420 2558 533 2597; x_wconf 89' lang='lat' dir='ltr'><strong>non</strong></span> <span class='ocrx_word' id='word_1_180' title='bbox 572 2537 686 2596; x_wconf 89' lang='lat' dir='ltr'><strong>nisi</strong></span> <span class='ocrx_word' id='word_1_181' title='bbox 717 2558 818 2614; x_wconf 88' lang='lat' dir='ltr'><strong>per</strong></span> <span class='ocrx_word' id='word_1_182' title='bbox 838 2536 1203 2610; x_wconf 88' lang='lat' dir='ltr'><strong>miraculum,</strong></span> <span class='ocrx_word' id='word_1_183' title='bbox 1225 2557 1324 2596; x_wconf 89' lang='lat' dir='ltr'><strong>seu</strong></span> <span class='ocrx_word' id='word_1_184' title='bbox 1351 2556 1452 2613; x_wconf 88' lang='lat' dir='ltr'><strong>per</strong></span> <span class='ocrx_word' id='word_1_185' title='bbox 1482 2539 1836 2599; x_wconf 73' lang='lat' dir='ltr'><strong>mutationem</strong></span> <span class='ocrx_word' id='word_1_186' title='bbox 1866 2545 2048 2616; x_wconf 80' lang='lat' dir='ltr'><strong>cujus-</strong></span> 
     </span>
     <span class='ocr_line' id='line_1_26' title="bbox 296 2612 2050 2690; baseline 0 -17"><span class='ocrx_word' id='word_1_187' title='bbox 296 2616 426 2673; x_wconf 86' lang='lat' dir='ltr'><strong>dam</strong></span> <span class='ocrx_word' id='word_1_188' title='bbox 456 2628 669 2674; x_wconf 85' lang='lat' dir='ltr'><strong>naturae</strong></span> <span class='ocrx_word' id='word_1_189' title='bbox 703 2612 860 2688; x_wconf 76' lang='lat' dir='ltr'><strong>legis·</strong></span> <span class='ocrx_word' id='word_1_190' title='bbox 892 2612 1168 2671; x_wconf 88' lang='lat' dir='ltr'><strong>Postrema</strong></span> <span class='ocrx_word' id='word_1_191' title='bbox 1199 2625 1280 2671; x_wconf 90' lang='lat' dir='ltr'><strong>est</strong></span> <span class='ocrx_word' id='word_1_192' title='bbox 1310 2613 1534 2671; x_wconf 84' lang='lat' dir='ltr'><strong>moralis</strong></span> <span class='ocrx_word' id='word_1_193' title='bbox 1553 2654 1569 2684; x_wconf 86' lang='lat'><strong><em>,</em></strong></span> <span class='ocrx_word' id='word_1_194' title='bbox 1593 2617 1662 2671; x_wconf 89' lang='lat' dir='ltr'><strong>ad</strong></span> <span class='ocrx_word' id='word_1_195' title='bbox 1685 2637 1850 2690; x_wconf 89' lang='lat' dir='ltr'><strong>quam</strong></span> <span class='ocrx_word' id='word_1_196' title='bbox 1889 2616 2050 2673; x_wconf 77' lang='lat' dir='ltr'><strong>salsi-</strong></span> 
     </span>
     <span class='ocr_line' id='line_1_27' title="bbox 296 2688 2112 2765; baseline -0.001 -16"><span class='ocrx_word' id='word_1_197' title='bbox 296 2690 571 2765; x_wconf 84' lang='lat' dir='ltr'><strong>ficandam</strong></span> <span class='ocrx_word' id='word_1_198' title='bbox 602 2689 941 2748; x_wconf 89' lang='lat' dir='ltr'><strong>miraculum</strong></span> <span class='ocrx_word' id='word_1_199' title='bbox 981 2690 1209 2765; x_wconf 91' lang='lat' dir='ltr'><strong>quidem</strong></span> <span class='ocrx_word' id='word_1_200' title='bbox 1242 2709 1357 2748; x_wconf 86' lang='lat' dir='ltr'><strong>non</strong></span> <span class='ocrx_word' id='word_1_201' title='bbox 1393 2688 1702 2764; x_wconf 85' lang='lat' dir='ltr'><strong>requiritur</strong></span> <span class='ocrx_word' id='word_1_202' title='bbox 1721 2733 1739 2762; x_wconf 84' lang='lat'><em>,</em></span> <span class='ocrx_word' id='word_1_203' title='bbox 1768 2690 2045 2753; x_wconf 84' lang='lat' dir='ltr'><strong>rarissime</strong></span> <span class='ocrx_word' id='word_1_204' title='bbox 2109 2758 2112 2761; x_wconf 16' lang='grc' dir='ltr'><strong>Δ</strong></span> 
     </span>
     <span class='ocr_line' id='line_1_28' title="bbox 297 2764 2048 2843; baseline 0 -21"><span class='ocrx_word' id='word_1_205' title='bbox 297 2775 482 2824; x_wconf 85' lang='lat' dir='ltr'><strong>tamen</strong></span> <span class='ocrx_word' id='word_1_206' title='bbox 521 2778 620 2826; x_wconf 84' lang='lat' dir='ltr'><strong>aut</strong></span> <span class='ocrx_word' id='word_1_207' title='bbox 650 2786 941 2843; x_wconf 88' lang='lat' dir='ltr'><strong>nunquam</strong></span> <span class='ocrx_word' id='word_1_208' title='bbox 973 2765 1141 2823; x_wconf 79' lang='lat' dir='ltr'><strong>fallit.</strong></span> <span class='ocrx_word' id='word_1_209' title='bbox 1178 2765 1311 2824; x_wconf 82' lang='lat' dir='ltr'><strong>Haec</strong></span> <span class='ocrx_word' id='word_1_210' title='bbox 1346 2765 1551 2835; x_wconf 83' lang='lat' dir='ltr'><strong>iterum</strong></span> <span class='ocrx_word' id='word_1_211' title='bbox 1584 2766 1768 2822; x_wconf 87' lang='lat' dir='ltr'><strong>varios</strong></span> <span class='ocrx_word' id='word_1_212' title='bbox 1807 2764 2048 2822; x_wconf 82' lang='lat' dir='ltr'><strong>admittit</strong></span> 
     </span>
    </p>

    <p class='ocr_par' dir='ltr' id='par_1_7' title="bbox 365 2838 2046 2973">
     <span class='ocr_line' id='line_1_29' title="bbox 365 2838 2046 2973; baseline 0 -75"><span class='ocrx_word' id='word_1_213' title='bbox 365 2842 500 2898; x_wconf 89' lang='lat' dir='ltr'><strong>adus</strong></span> <span class='ocrx_word' id='word_1_214' title='bbox 573 2853 748 2973; x_wconf 53' lang='lat' dir='ltr'><strong>(prout</strong></span> <span class='ocrx_word' id='word_1_215' title='bbox 800 2845 973 2916; x_wconf 89' lang='lat' dir='ltr'><strong>major</strong></span> <span class='ocrx_word' id='word_1_216' title='bbox 1013 2843 1106 2899; x_wconf 82' lang='lat' dir='ltr'><strong>vel</strong></span> <span class='ocrx_word' id='word_1_217' title='bbox 1156 2841 1339 2898; x_wconf 89' lang='lat' dir='ltr'><strong>minor</strong></span> <span class='ocrx_word' id='word_1_218' title='bbox 1380 2838 1638 2897; x_wconf 80' lang='lat' dir='ltr'><strong>falsitatis</strong></span> <span class='ocrx_word' id='word_1_219' title='bbox 1669 2840 1910 2917; x_wconf 87' lang='lat' dir='ltr'><strong>suspicio</strong></span> <span class='ocrx_word' id='word_1_220' title='bbox 1951 2852 2046 2898; x_wconf 83' lang='lat' dir='ltr'><strong>aut</strong></span> 
     </span>
    </p>
   </div>
   <div class='ocr_carea' id='block_1_7' title="bbox 323 2885 1081 2975">
    <p class='ocr_par' dir='ltr' id='par_1_8' title="bbox 323 2885 1081 2975">
     <span class='ocr_line' id='line_1_30' title="bbox 323 2885 1081 2975; baseline -0.003 -2"><span class='ocrx_word' id='word_1_221' title='bbox 323 2885 534 2975; x_wconf 83' lang='lat' dir='ltr'><strong>allendi</strong></span> <span class='ocrx_word' id='word_1_222' title='bbox 614 2917 874 2974; x_wconf 86' lang='lat' dir='ltr'><strong>ifficultas</strong></span> <span class='ocrx_word' id='word_1_223' title='bbox 912 2917 1081 2973; x_wconf 83' lang='lat' dir='ltr'><strong>adest.</strong></span> 
     </span>
    </p>
   </div>
   <div class='ocr_carea' id='block_1_8' title="bbox 293 3028 2113 3638">
    <p class='ocr_par' dir='ltr' id='par_1_9' title="bbox 293 3028 2113 3464">
     <span class='ocr_line' id='line_1_31' title="bbox 379 3028 2046 3108; baseline 0.001 -20"><span class='ocrx_word' id='word_1_224' title='bbox 379 3028 508 3089; x_wconf 86' lang='lat'><strong>186.</strong></span> <span class='ocrx_word' id='word_1_225' title='bbox 548 3029 858 3099; x_wconf 66' lang='lat' dir='ltr'><strong>Senonou.</strong></span> <span class='ocrx_word' id='word_1_226' title='bbox 897 3051 951 3088; x_wconf 82' lang='lat'><strong>2.</strong></span> <span class='ocrx_word' id='word_1_227' title='bbox 984 3028 1125 3088; x_wconf 91' lang='lat' dir='ltr'><strong>Cum</strong></span> <span class='ocrx_word' id='word_1_228' title='bbox 1154 3050 1340 3089; x_wconf 87' lang='lat' dir='ltr'><strong>omnes</strong></span> <span class='ocrx_word' id='word_1_229' title='bbox 1363 3037 1573 3089; x_wconf 80' lang='lat' dir='ltr'><strong>naturae</strong></span> <span class='ocrx_word' id='word_1_230' title='bbox 1595 3033 1740 3108; x_wconf 86' lang='lat' dir='ltr'><strong>leges</strong></span> <span class='ocrx_word' id='word_1_231' title='bbox 1765 3033 1837 3088; x_wconf 84' lang='lat' dir='ltr'><strong>ab</strong></span> <span class='ocrx_word' id='word_1_232' title='bbox 1859 3051 2046 3090; x_wconf 82' lang='lat' dir='ltr'><strong>earum</strong></span> 
     </span>
     <span class='ocr_line' id='line_1_32' title="bbox 293 3103 2113 3183; baseline 0.001 -17"><span class='ocrx_word' id='word_1_233' title='bbox 293 3118 526 3166; x_wconf 83' lang='lat' dir='ltr'><strong>auctore</strong></span> <span class='ocrx_word' id='word_1_234' title='bbox 559 3103 677 3164; x_wconf 89' lang='lat' dir='ltr'><strong>Deo</strong></span> <span class='ocrx_word' id='word_1_235' title='bbox 707 3105 990 3163; x_wconf 88' lang='lat' dir='ltr'><strong>immutari</strong></span> <span class='ocrx_word' id='word_1_236' title='bbox 1032 3107 1244 3183; x_wconf 89' lang='lat' dir='ltr'><strong>possint</strong></span> <span class='ocrx_word' id='word_1_237' title='bbox 1262 3151 1280 3180; x_wconf 92' lang='lat'><em>,</em></span> <span class='ocrx_word' id='word_1_238' title='bbox 1319 3126 1435 3164; x_wconf 90' lang='lat' dir='ltr'><strong>non</strong></span> <span class='ocrx_word' id='word_1_239' title='bbox 1471 3119 1553 3165; x_wconf 90' lang='lat' dir='ltr'><strong>est</strong></span> <span class='ocrx_word' id='word_1_240' title='bbox 1574 3105 1906 3183; x_wconf 88' lang='lat' dir='ltr'><strong>simpliciter</strong></span> <span class='ocrx_word' id='word_1_241' title='bbox 1944 3108 2046 3167; x_wconf 84' lang='lat' dir='ltr'><strong>im·</strong></span> <span class='ocrx_word' id='word_1_242' title='bbox 2108 3128 2113 3132; x_wconf 81' lang='grc'><em>·</em></span> 
     </span>
     <span class='ocr_line' id='line_1_33' title="bbox 296 3180 2044 3260; baseline 0.001 -20"><span class='ocrx_word' id='word_1_243' title='bbox 296 3181 564 3260; x_wconf 86' lang='lat' dir='ltr'><strong>possibile</strong></span> <span class='ocrx_word' id='word_1_244' title='bbox 594 3193 658 3238; x_wconf 91' lang='lat' dir='ltr'><strong>ut</strong></span> <span class='ocrx_word' id='word_1_245' title='bbox 694 3181 839 3238; x_wconf 89' lang='lat' dir='ltr'><strong>illud</strong></span> <span class='ocrx_word' id='word_1_246' title='bbox 882 3183 1032 3256; x_wconf 91' lang='lat' dir='ltr'><strong>quod</strong></span> <span class='ocrx_word' id='word_1_247' title='bbox 1068 3180 1298 3258; x_wconf 85' lang='lat' dir='ltr'><strong>physice</strong></span> <span class='ocrx_word' id='word_1_248' title='bbox 1338 3195 1551 3240; x_wconf 86' lang='lat' dir='ltr'><strong>certum</strong></span> <span class='ocrx_word' id='word_1_249' title='bbox 1584 3195 1666 3240; x_wconf 85' lang='lat' dir='ltr'><strong>est</strong></span> <span class='ocrx_word' id='word_1_250' title='bbox 1682 3223 1701 3254; x_wconf 89' lang='lat'><em>,</em></span> <span class='ocrx_word' id='word_1_251' title='bbox 1745 3182 2044 3256; x_wconf 84' lang='lat' dir='ltr'><strong>aliquando</strong></span> 
     </span>
     <span class='ocr_line' id='line_1_34' title="bbox 299 3256 2044 3333; baseline 0.001 -18"><span class='ocrx_word' id='word_1_252' title='bbox 299 3256 751 3333; x_wconf 80' lang='lat' dir='ltr'><strong>deprehendatur</strong></span> <span class='ocrx_word' id='word_1_253' title='bbox 803 3257 1007 3314; x_wconf 84' lang='lat' dir='ltr'><strong>falsum</strong></span> <span class='ocrx_word' id='word_1_254' title='bbox 1058 3280 1072 3313; x_wconf 75' lang='grc' dir='ltr'><em>τ</em></span> <span class='ocrx_word' id='word_1_255' title='bbox 1126 3259 1221 3315; x_wconf 88' lang='lat' dir='ltr'><strong>sed</strong></span> <span class='ocrx_word' id='word_1_256' title='bbox 1269 3269 1557 3333; x_wconf 82' lang='lat' dir='ltr'><strong>propterea</strong></span> <span class='ocrx_word' id='word_1_257' title='bbox 1605 3257 1878 3316; x_wconf 87' lang='lat' dir='ltr'><strong>certitudo</strong></span> <span class='ocrx_word' id='word_1_258' title='bbox 1929 3259 2044 3316; x_wconf 83' lang='lat' dir='ltr'><strong>haec</strong></span> 
     </span>
     <span class='ocr_line' id='line_1_35' title="bbox 297 3331 2044 3464; baseline 0.002 -76"><span class='ocrx_word' id='word_1_259' title='bbox 297 3331 528 3464; x_wconf 51' lang='lat' dir='ltr'><strong>Rhysica</strong></span> <span class='ocrx_word' id='word_1_260' title='bbox 562 3353 679 3392; x_wconf 87' lang='lat' dir='ltr'><strong>non</strong></span> <span class='ocrx_word' id='word_1_261' title='bbox 708 3332 895 3392; x_wconf 85' lang='lat' dir='ltr'><strong>minus</strong></span> <span class='ocrx_word' id='word_1_262' title='bbox 921 3351 1057 3392; x_wconf 82' lang='lat' dir='ltr'><strong>vera</strong></span> <span class='ocrx_word' id='word_1_263' title='bbox 1091 3344 1172 3389; x_wconf 89' lang='lat' dir='ltr'><strong>est</strong></span> <span class='ocrx_word' id='word_1_264' title='bbox 1192 3332 1476 3407; x_wconf 84' lang='lat' dir='ltr'><strong>habenda3</strong></span> <span class='ocrx_word' id='word_1_265' title='bbox 1502 3352 1630 3392; x_wconf 86' lang='lat' dir='ltr'><strong>cum</strong></span> <span class='ocrx_word' id='word_1_266' title='bbox 1653 3333 1805 3390; x_wconf 83' lang='lat' dir='ltr'><strong>enim</strong></span> <span class='ocrx_word' id='word_1_267' title='bbox 1832 3346 2044 3391; x_wconf 84' lang='lat' dir='ltr'><strong>constet</strong></span> 
     </span>
    </p>

    <p class='ocr_par' dir='ltr' id='par_1_10' title="bbox 293 3408 2074 3638">
     <span class='ocr_line' id='line_1_36' title="bbox 352 3408 2074 3484; baseline 0.002 -21"><span class='ocrx_word' id='word_1_268' title='bbox 352 3425 512 3479; x_wconf 89' lang='lat' dir='ltr'><strong>eum,</strong></span> <span class='ocrx_word' id='word_1_269' title='bbox 547 3409 650 3484; x_wconf 91' lang='lat' dir='ltr'><strong>qui</strong></span> <span class='ocrx_word' id='word_1_270' title='bbox 689 3410 964 3477; x_wconf 82' lang='lat' dir='ltr'><strong>mundum</strong></span> <span class='ocrx_word' id='word_1_271' title='bbox 1001 3409 1306 3467; x_wconf 89' lang='lat' dir='ltr'><strong>secundum</strong></span> <span class='ocrx_word' id='word_1_272' title='bbox 1339 3409 1486 3484; x_wconf 86' lang='lat' dir='ltr'><strong>leges</strong></span> <span class='ocrx_word' id='word_1_273' title='bbox 1529 3408 1868 3466; x_wconf 73' lang='lat' dir='ltr'><strong>universales</strong></span> <span class='ocrx_word' id='word_1_274' title='bbox 1908 3430 1939 3465; x_wconf 89' lang='lat' dir='ltr'><strong>a</strong></span> <span class='ocrx_word' id='word_1_275' title='bbox 1981 3429 2038 3466; x_wconf 90' lang='lat' dir='ltr'><strong>se</strong></span> <span class='ocrx_word' id='word_1_276' title='bbox 2071 3463 2074 3467; x_wconf 79' lang='lat'><strong>.</strong></span> 
     </span>
     <span class='ocr_line' id='line_1_37' title="bbox 297 3481 2040 3560; baseline 0 -22"><span class='ocrx_word' id='word_1_277' title='bbox 297 3481 620 3547; x_wconf 79' lang='lat' dir='ltr'><strong>constitutas</strong></span> <span class='ocrx_word' id='word_1_278' title='bbox 655 3486 964 3560; x_wconf 82' lang='lat' dir='ltr'><strong>gubernat,</strong></span> <span class='ocrx_word' id='word_1_279' title='bbox 997 3483 1225 3543; x_wconf 86' lang='lat' dir='ltr'><strong>nonnisi</strong></span> <span class='ocrx_word' id='word_1_280' title='bbox 1253 3503 1378 3542; x_wconf 89' lang='lat' dir='ltr'><strong>raro</strong></span> <span class='ocrx_word' id='word_1_281' title='bbox 1401 3495 1457 3541; x_wconf 89' lang='lat' dir='ltr'><strong>et</strong></span> <span class='ocrx_word' id='word_1_282' title='bbox 1493 3503 1563 3539; x_wconf 86' lang='lat' dir='ltr'><strong>ex</strong></span> <span class='ocrx_word' id='word_1_283' title='bbox 1605 3483 1783 3543; x_wconf 88' lang='lat' dir='ltr'><strong>causis</strong></span> <span class='ocrx_word' id='word_1_284' title='bbox 1821 3482 2040 3559; x_wconf 83' lang='lat' dir='ltr'><strong>gravis-</strong></span> 
     </span>
     <span class='ocr_line' id='line_1_38' title="bbox 293 3555 2038 3638; baseline 0 -24"><span class='ocrx_word' id='word_1_285' title='bbox 293 3555 454 3637; x_wconf 71' lang='lat' dir='ltr'><strong>simis</strong></span> <span class='ocrx_word' id='word_1_286' title='bbox 491 3559 757 3620; x_wconf 83' lang='lat' dir='ltr'><strong>miracula</strong></span> <span class='ocrx_word' id='word_1_287' title='bbox 790 3562 1013 3637; x_wconf 85' lang='lat' dir='ltr'><strong>&#39;patrare</strong></span> <span class='ocrx_word' id='word_1_288' title='bbox 1035 3602 1055 3634; x_wconf 88' lang='lat'><em>‚</em></span> <span class='ocrx_word' id='word_1_289' title='bbox 1089 3572 1255 3638; x_wconf 83' lang='lat' dir='ltr'><strong>atque</strong></span> <span class='ocrx_word' id='word_1_290' title='bbox 1298 3560 1462 3616; x_wconf 86' lang='lat' dir='ltr'><strong>illum</strong></span> <span class='ocrx_word' id='word_1_291' title='bbox 1498 3577 1562 3616; x_wconf 87' lang='lat' dir='ltr'><strong>eo</strong></span> <span class='ocrx_word' id='word_1_292' title='bbox 1595 3558 1656 3615; x_wconf 91' lang='lat' dir='ltr'><strong>in</strong></span> <span class='ocrx_word' id='word_1_293' title='bbox 1682 3578 1821 3629; x_wconf 72' lang='lat' dir='ltr'><strong>castr</strong></span> <span class='ocrx_word' id='word_1_294' title='bbox 1839 3564 2038 3631; x_wconf 77' lang='lat' dir='ltr'><strong>s‘uppe-</strong></span> 
     </span>
    </p>
   </div>
  </div>
 </body>
</html>
