2707 4611
1603 106 1640 135 s

900 196 1349 303 deffLogwa..
1475 202 1500 281 s
1882 206 2070 291 sin.

264 348 342 403 ex
375 325 796 423 Metapbysi'ca
843 354 907 417 et,
944 330 1647 425 praecipue-Dntologia-
1665 364 1672 401 1
1685 328 1742 403 ei
1784 347 1855 415 ut
1884 339 2016 407 nii-

263 423 626 487 nus'ideam
668 420 899 495 claram
939 440 1034 503 et,
1076 440 1383 508 quantum
1429 423 1564 487 fieri
1607 426 1845 509 potest,
1871 427 2013 490 dis-

260 507 519 572 tinctam
560 504 1035 587 ⁴subjiciat.2Ad
1072 507 1195 571 hoe
1233 531 1492 595 quoque
1542 509 1849 573 conducet
1888 510 2016 576 fre-

218 652 221 653 ⁷
258 615 460 677 quens
498 590 873 659 conversatio
911 613 1057 655 cum
1095 592 1168 654 iis
1204 592 1317 678 qui
1356 593 1669 657 distinctas
1701 596 2011 678 praecisas-⁴

254 700 380 763 que
413 677 578 757 ideas
622 675 853 764 quibus
911 675 1142 739 imbuti
1185 692 1375 757 sunt,
1436 674 1615 740 claris
1667 677 2005 765 nitidisque

254 761 459 824 verbis
503 782 810 846 exponere
845 766 1339 842 consueverunt3
1391 772 1479 821 2⁰.
1521 761 1674 824 dum
1719 763 2010 826 obscuri-

255 860 449 910 tatem
486 844 561 908 de
602 843 904 907 industria
944 844 1295 906 affectamus
1322 890 1341 924 ,
1385 861 1695 926 captantes
1732 846 1877 908 inde
1904 871 2009 911 re-

241 930 513 995 conditae
547 927 870 1010 cujusdam
909 950 978 989 ac
1013 927 1398 990 sublimioris
1432 926 1727 992 doctrinae
1753 930 2004 1007 famam.

254 1013 330 1077 Id
356 1013 748 1100 potissimum
783 1011 852 1075 fit
883 1010 1238 1075 adhibendo
1266 1012 1565 1074 vocabula
1607 1013 1866 1077 barbara
1896 1032 2005 1080 aut

254 1099 574 1184 peregrina
599 1144 621 1180 ‚
664 1096 760 1160 vel
805 1097 1040 1161 utendo
1086 1097 1369 1160 terminis
1410 1097 1676 1180 receptis
1732 1097 1796 1159 in
1846 1122 2004 1163 nova

250 1199 310 1246 et
350 1183 641 1245 inusitata
683 1181 1146 1262 significatione.
1170 1179 1469 1266 Quamvis
1494 1182 2001 1247 enim'termino—

246 1284 394 1331 rum
436 1265 795 1346 significatio
838 1265 1218 1349 originaliter
1257 1265 1581 1327 arbitraria
1627 1265 1741 1345 sit,
1783 1267 1996 1349 positis

243 1367 453 1413 tamen
493 1349 680 1413 rebus
716 1352 784 1412 in
822 1358 896 1415 eo
935 1373 1065 1437 quo
1107 1354 1227 1434 jam
1271 1365 1418 1412 sunt
1449 1366 1605 1433 statu
1628 1390 1658 1429 ,-
1690 1351 1997 1436 quisque,

249 1433 461 1498 audito
501 1433 715 1519 aliquo
766 1434 1113 1518 vocabulo,
1157 1457 1294 1496 eam
1344 1434 1643 1496 continuo
1695 1431 1897 1495 ideam
1940 1435 2001 1496 ei

243 1518 532 1600 subjicit,
570 1541 762 1602 quam
788 1542 862 1582 ex
902 1543 1023 1583 usu
1049 1517 1372 1599 communi
1408 1518 1465 1578 ei
1505 1518 1850 1598 subjectam
1877 1538 1988 1578 no-

242 1603 368 1685 vit3
401 1602 512 1686 qui
537 1624 686 1682 ergo
721 1603 1020 1667 vocabulo
1045 1603 1115 1665 in
1138 1602 1258 1666 alia
1295 1600 1739 1683 significatione
1763 1599 2003 1687 utitur,
2055 1666 2062 1676 ,

244 1683 532 1771 loquitur
574 1687 657 1749 ita
682 1732 701 1767 ‚
744 1704 814 1751 ut
854 1711 984 1751 non
1024 1685 1425 1767 intelligatur.

315 1866 443 1945 289.
490 1867 781 1926 Senomon·
828 1889 876 1924 1.
920 1868 1183 1939 Quaenam
1232 1867 1305 1924 sit
1357 1868 1554 1925 usitata
1597 1865 1999 1924 vocabulorum

234 1941 571 2017 significatio
610 1963 639 1998 a
670 1943 1072 2000 consuetudine
1110 1943 1270 2018 vulgi
1305 1944 1709 2002 desumendum
1735 1959 1848 1999 non
1882 1953 1995 2014 est3

236 2019 332 2075 sed
369 2018 431 2075 hi
472 2018 658 2093 potius
715 2006 1040 2077 attendendi
1095 2029 1226 2074 sunt
1258 2062 1279 2090 ,
1331 2019 1433 2094 qui
1479 2018 1664 2075 studio
1709 2027 1764 2073 et
1806 2016 1996 2073 labore

235 2093 593 2166 perfectiores
623 2095 689 2149 de
726 2097 891 2150 rebus
927 2095 1079 2151 ideas
1099 2094 1211 2152 sibi
1237 2100 1661 2169 compararunt,
1694 2103 1750 2147 et
1776 2091 1837 2147 in
1861 2110 2000 2166 quo-

238 2185 368 2222 rum
399 2166 620 2239 scriptis
649 2178 702 2222 et
736 2169 1084 2239 sermonibus
1105 2170 1417 2226 accuratior
1438 2169 1840 2230 vocabulorum
1861 2187 1994 2225 usus

243 2239 524 2295 communi
562 2241 852 2314 doctorum
884 2242 1147 2311 suffragio
1184 2245 1387 2301 elucet.

314 2413 443 2473 290.
486 2390 773 2450 Sonomon
804 2412 861 2449 2.
903 2389 1174 2463 Quamvis
1204 2392 1472 2447 sermonis
1513 2389 1794 2449 accuratio
1835 2411 1995 2451 voca-

235 2470 376 2527 bula
414 2468 617 2525 usitata
660 2468 945 2542 requirat,
987 2466 1046 2523 id
1076 2478 1269 2525 tamen
1313 2486 1502 2523 rerum
1526 2479 1578 2524 et
1613 2468 1861 2526 idearum
1888 2490 1994 2527 no-

237 2545 386 2604 vitas
429 2564 541 2602 non
584 2563 800 2618 semper
838 2543 1052 2618 patitur
1109 2565 1122 2598 :
1171 2562 1297 2599 cum
1346 2542 1518 2598 enim·
1559 2543 1802 2600 scientiae
1846 2565 2005 2604 nova·

235 2621 504 2680 continuo
546 2620 887 2677 incrementa
939 2618 1220 2694 accipiant
1249 2662 1266 2690 ,
1328 2638 1548 2676 necesse
1597 2629 1676 2673 est
1718 2630 1782 2673 ut
1816 2622 1992 2675 multa

232 2717 489 2755 successu
540 2696 804 2771 temporis
840 2696 1242 2764 inveniantur,
1279 2714 1403 2768 quae
1429 2691 1629 2768 primis
1671 2693 1992 2765 linguarum

233 2771 651 2830 institutoribus
676 2771 961 2845 incognita
1001 2773 1266 2837 fuerunt,
1316 2771 1382 2824 ad
1427 2788 1550 2842 quae
1594 2768 1830 2839 proinde
1874 2768 1991 2841 sig-

232 2845 515 2905 nificanda
546 2848 849 2922 antiquitas
888 2847 1072 2902 nullas
1111 2845 1275 2901 nobis
1313 2862 1476 2899 voces
1521 2842 1827 2901 transmisit
1865 2867 1878 2900 z
1928 2845 1991 2900 in

233 2923 505 2994 ejusmodi
535 2941 664 2996 ergo
689 2921 908 2978 casibus
937 2919 1133 2975 licebit
1165 2918 1485 2975 recentibus
1515 2938 1578 2974 ac
1605 2917 1791 2974 minus
1819 2918 1987 2990 etiam

230 2996 582 3069 elegantibus
612 2996 900 3056 vocabulis
930 2993 1015 3049 uti
1031 3014 1047 3064 3
1071 2994 1360 3069 quinimo,
1395 2993 1442 3049 si
1467 2993 1761 3052 necessitas
1783 2994 1841 3050 id
1862 3014 1986 3070 pos-

229 3071 376 3129 tulat
399 3114 416 3143 ,
449 3073 518 3128 de
550 3089 696 3129 novo
739 3071 1050 3144 confingere
1074 3090 1091 3141 ;
1124 3070 1286 3134 modo
1322 3068 1501 3126 ideam
1534 3065 1985 3145 quachomlmu-

229 3147 475 3205 nicatam
506 3146 798 3216 volumu5‚
834 3157 1088 3202 accurate
1109 3139 1557 3203 determinemus.
1601 3144 1753 3213 Hinc
1792 3146 1981 3204 minus

230 3230 383 3281 recte'
405 3234 579 3299 agunt
614 3217 702 3279 illi
734 3220 834 3296 qui
878 3220 1143 3279 terminos
1176 3219 1461 3278 technicos
1484 3263 1500 3290 ,
1550 3220 1671 3279 sive
1710 3221 1983 3288 vocabula

233 3297 465 3369 artium,
499 3317 562 3356 ea
595 3297 845 3366 scilicet,
879 3316 1001 3373 quae
1032 3298 1092 3353 in
1135 3296 1334 3373 quavis
1394 3306 1510 3353 arte
1557 3314 1621 3351 ao
1677 3294 1979 3369 disciplina

230 3384 449 3446 recepta
482 3387 650 3446 sunt,
690 3372 1001 3430 universim
1038 3374 1259 3443 omnia,
1312 3391 1376 3428 eo
1418 3370 1568 3446 quod
1616 3389 1744 3427 cum
1786 3372 1976 3430 debita

227 3447 494 3506 sermonis
542 3449 813 3528 elegantia
856 3467 968 3506 non
1003 3447 1345 3519 cohaereant,
1390 3457 1672 3523 expuncta
1709 3447 1909 3509 volunt
1956 3467 1970 3501 :

1504 3520 1564 3585 H
