2707 4611
631 231 746 299 156
1299 228 1643 302 Tunc-mm

708 353 787 416 R.
813 350 889 416 N.
906 352 980 417 C.
1009 370 1069 420 et
1110 354 1179 418 Ρ.
1201 352 1534 454 Disparitas
1551 371 1640 420 est
1656 400 1676 435 ‚
1705 352 1877 442 quod
1901 353 1968 418 in
1994 354 2187 443 priori
2213 366 2357 421 casu

622 437 924 505 restrictio
962 453 1355 523 quantumvis
1375 440 1617 504 interna
1649 440 1989 504 innotescat
2006 439 2357 522 tamenim,

621 524 701 587 ad
737 544 922 607 quem
945 543 1147 586 sermo
1166 521 1459 606 dirigitur
1481 545 1496 590 :
1516 523 1685 587 unde
1713 523 2199 609 propositionem
2216 547 2355 589 vere

618 606 944 691 detorquet
980 604 1057 669 ad
1098 628 1346 693 sensum
1387 629 1579 695 quem
1617 606 1763 671 alias
1799 606 2099 692 haberet,
2132 607 2360 673 scilicet

618 690 704 756 ad
739 690 923 755 illum
998 713 1145 754 uem
1197 689 1463 779 loquens
1496 690 1684 755 habet
1739 692 1813 772 in,
1841 708 2044 756 mente
2062 714 2085 776 3
2139 714 2359 756 verum

613 793 900 860 respectu
940 800 973 838 a
1003 776 1225 839 iorum
1251 775 1578 839 hominum
1619 775 2103 875 propositionem
2147 775 2360 841 nulla-

615 873 798 924 tenus
834 859 1063 940 afficit,
1105 882 1250 924 cum
1289 859 1436 944 ipsis
1486 856 1664 923 nullo
1701 881 1871 942 signo
1918 875 2174 925 externo
2209 884 2355 925 ma-

615 943 981 1026 nifestetur3
1021 944 1232 1029 sicque
1268 942 1608 1028 propositio
1634 988 1655 1025 ,
1680 961 1750 1008 ut
1771 959 1912 1021 ante
1936 990 1958 1028 ,
1992 959 2196 1008 manet
2219 943 2353 1008 dif-

616 1025 837 1093 formis
873 1027 1066 1092 menti
1105 1026 1450 1112 loquentis,
1485 1025 1763 1113 adeoque
1797 1028 2077 1093 mendax.

1264 1174 1558 1224 INSTABIS
1607 1170 1700 1222 2⁰.

697 1272 1022 1337 Restrictio
1062 1270 1252 1347 realis,
1278 1271 1596 1338 interdum
1624 1296 1754 1339 non
1775 1270 1917 1360 plus
1952 1272 2226 1338 audienti
2246 1275 2350 1337 in-

614 1356 874 1423 notescit
909 1378 1097 1444 quam
1138 1355 1439 1420 restrictio
1478 1379 1635 1441 pure
1681 1357 2003 1442 mentalis3
2037 1359 2211 1446 atqui
2240 1358 2352 1423 illa

614 1440 1022 1508 nihilominus
1043 1439 1242 1505 reddit
1285 1441 1774 1526 propositionem
1824 1462 2101 1506 veracem
2137 1462 2153 1508 ε
2201 1466 2349 1525 ergo

612 1543 679 1592 et
714 1525 1017 1589 restrictio
1054 1531 1210 1610 pure
1243 1522 1548 1588 mentalis.
2087 1532 2090 1535 ’

658 1614 661 1617 ’
697 1622 773 1687 R.
792 1621 872 1685 N.
901 1622 972 1685 C.
1007 1639 1067 1685 et
1132 1620 1200 1686 P.
1226 1620 1559 1709 Disparitas
1602 1639 1727 1706 est,
1784 1623 1957 1709 quod
1998 1606 2299 1688 restrictio
2328 1669 2352 1705 ,

613 1728 689 1770 eo
725 1707 856 1789 ipso
892 1727 1019 1791 quo
1060 1706 1239 1768 realis
1276 1708 1650 1792 supponitur
1680 1752 1700 1787 ‚
1747 1708 1824 1771 sit
1862 1725 2153 1789 externa,
2207 1731 2350 1808 5111ae

613 1789 875 1889 proinde
913 1790 1343 1933 propositionis
1362 1813 1608 1854 sensum
1632 1790 1980 1856 naturalem
2018 1807 2076 1855 et
2096 1792 2350 1856 obvium

611 1888 936 1955 immutat,
977 1890 1027 1935 ta
1059 1873 1106 1933 is
1156 1896 1233 1934 ue
1286 1890 1375 1937 est
1411 1892 1685 1954 natura,
1734 1890 1805 1939 ut
1853 1874 2109 1940 audiens
2143 1876 2214 1940 in
2261 1874 2352 1938 il-

611 1956 734 2021 lius
773 1956 1053 2019 notitiam
1096 1896 1371 2019 filosolute
1416 1956 1480 2023 lo
1527 1958 1730 2020 uendo
1775 1958 2065 2021 devenire
2121 1959 2349 2045 possit3

609 2040 715 2103 sed
753 2040 1053 2103 restrictio
1092 2063 1249 2125 pure
1290 2060 1491 2106 menta
1520 2042 1569 2104 is
1607 2040 1864 2104 omnino
1926 2042 2171 2109 interna
2214 2061 2354 2127 est,
2415 2042 2419 2047 ⁴

606 2125 698 2188 ita
734 2140 803 2187 ut
833 2123 1088 2187 audiens
1125 2123 1372 2189 nullum
1414 2148 1666 2211 prorsus
1692 2125 1911 2189 habeat
1946 2126 2222 2192 medium
2263 2126 2354 2189 il·-

608 2207 739 2271 lam
781 2207 1143 2292 detegendi3
1175 2208 1341 2272 unde
1382 2210 1725 2298 propositio
1773 2207 2108 2285 eumdem,
2155 2235 2360 2296 quem

611 2290 802 2377 alias,
841 2316 1088 2358 sensum
1129 2293 1377 2359 retinet.

1268 2435 1560 2492 msnms
1607 2410 1703 2481 30.

696 2538 773 2602 ln
808 2538 974 2602 bello
1010 2562 1166 2625 saepe
1207 2555 1535 2604 struuntur
1586 2539 1824 2603 insidiae
1856 2555 1924 2618 et⁴
1972 2539 2351 2605 adhibentur

608 2623 1025 2690 simulationes
1042 2648 1194 2710 quas
1220 2623 1404 2687 hostis
1422 2623 1680 2685 omnino
1708 2645 2073 2705 cognoscere
2092 2623 2348 2707 nequit;

609 2709 776 2796 atqui
821 2710 933 2796 qui
970 2707 1092 2770 illis
1126 2726 1420 2788 utuntur,
1461 2729 1589 2770 non
1623 2705 1766 2769 ideo
1802 2721 2127 2770 censentur
2160 2728 2356 2770 men-

607 2795 710 2857 tiri
741 2813 757 2857 :
800 2814 946 2873 ergo
991 2816 1105 2855 nec
1141 2794 1510 2874 restringens
1537 2813 1693 2877 pure
1733 2787 2076 2876 mentaliter
2107 2789 2354 2856 menti-

607 2894 751 2956 tur,
787 2876 1061 2961 quamvis
1098 2875 1353 2941 audiens
1396 2874 1886 2941 itt-restrictionis
1918 2871 2197 2939 notitiam
2230 2861 2353 2939 de—

607 2959 817 3023 venire
859 2983 987 3022 non
1019 2961 1224 3043 possit.

689 3057 773 3123 R.
797 3057 876 3123 N.
897 3058 970 3120 C.
996 3074 1058 3120 et
1094 3056 1187 3124 P.
1205 3057 1345 3121 Non
1387 3059 1557 3122 enim
1601 3056 1835 3123 insidiae
1857 3102 1877 3141 ,
1930 3074 2121 3143 prout
2170 3080 2351 3126 voces

601 3164 678 3207 ,ac
707 3140 1216 3227 propositiones.
1251 3142 1327 3203 ad
1363 3141 1483 3205 hoc
1523 3142 1811 3204 institutae
1876 3158 2023 3206 sunt
2050 3188 2075 3215 ,
2103 3156 2176 3205 ut
2233 3163 2350 3240 per

610 3222 746 3287 illas
787 3226 1007 3288 mentis
1041 3242 1372 3309 conceptus
1405 3224 1869 3289 manifestentur
1896 3246 1912 3290 :
1952 3225 2119 3290 unde
2153 3223 2205 3288 si
2228 3239 2348 3288 ista

611 3308 925 3370 occasione
979 3310 1164 3373 hostis
1222 3310 1518 3374 inducam
1598 3308 1664 3371 in
1710 3331 2029 3392 errorem,
2093 3306 2155 3369 id
2218 3331 2348 3373 suae

613 3389 1040 3478 imprudentiae
1077 3396 1383 3477 imputare
1416 3393 1491 3457 de
1538 3410 1633 3475 et,
1672 3393 1934 3457 maxime
1972 3402 2117 3457 cum
2155 3391 2358 3457 cuili-

614 3476 722 3540 bet
756 3490 977 3556 notum
1011 3476 1088 3538 sit
1116 3523 1136 3554 ‚
1174 3480 1240 3539 in
1289 3474 1457 3540 bello
1505 3476 1920 3541 consuevissse
1953 3473 2157 3563 parari
2185 3475 2353 3540 insi-

616 3557 746 3623 dias
771 3604 793 3643 ,
834 3558 1062 3646 quibus
1099 3558 1291 3624 hostis
1319 3560 1688 3645 decipiatur.
