2707 4611
980 282 1059 345 de
1101 279 1373 368 Logica.
1913 284 2046 349 153>
2079 282 2090 297 '
2175 302 2180 307 ·

299 407 423 473 sint
476 402 576 468 ha}
635 399 772 466 duae
827 395 1352 489 propositiones:
1410 402 1550 465 hoec
1586 401 1694 466 via
1729 402 1907 466 ducit
1946 404 2048 469 ad

297 486 648 555 terminum
664 530 686 568 ,
727 499 790 549 et
805 528 827 566 ‚
869 486 1095 549 eadem
1135 486 1276 550 Izoec
1311 485 1419 550 via
1446 508 1579 548 non
1611 486 1788 550 ducit
1804 487 1899 550 acl
1916 497 2036 550 ter-

300 575 556 649 minum
575 597 600 649 ,-
633 567 741 633 tali
771 590 915 633 casu
945 570 1173 656 poterit
1210 570 1322 635 ille
1366 569 1722 641 alterutram
1748 568 1909 634 viam
1930 569 2038 633 in·-

191 735 198 741 ‚
298 656 470 742 gredi
507 676 524 720 ε
569 676 713 735 ergo
755 653 928 737 quod
964 653 1101 718 duae
1135 652 1621 717 contradictoriae
1641 677 1769 719 non
1799 654 2037 753 possint

299 764 428 806 esse
467 735 648 804 simul
691 759 846 800 verae
871 776 897 811 ,‹
942 760 1070 803 non
1108 737 1248 800 ideo
1273 736 1675 822 probabilitas
1706 761 1896 802 umus
1912 753 2034 805 lm*-

292 825 461 914 pedit
502 820 804 887 motivum
844 818 1166 906 probabile
1197 819 1470 884 alterius.
2001 834 2006 841 ·

373 921 446 985 P.
463 919 536 984 C.
561 917 763 982 Sicuti
794 915 932 979 duae
953 917 1445 983 contradictoriae
1471 939 1596 981 non
1621 932 1880 1004 possunt
1906 939 2034 982 esse

289 1003 480 1070 simul
517 1023 674 1067 verae
690 1046 713 1075 ,
734 1000 828 1068 ,ita
865 998 988 1063 illae
1027 999 1166 1064 duae
1195 1002 1341 1076 viae,
1382 1002 1449 1064 in
1475 1024 1617 1065 casu
1640 1002 1877 1088 posito,
1903 1022 2037 1064 non

290 1102 547 1177 possunt
576 1107 705 1149 esse
755 1083 944 1147 simul
997 1083 1225 1168 bonae3
1290 1085 1463 1171 atqui
1518 1102 1726 1148 tamen
1781 1082 2038 1171 aequalis

288 1167 691 1260 probabilitas
729 1167 1019 1232 bonitatis
1057 1168 1297 1232 viarum
1350 1191 1477 1233 non
1522 1168 1821 1252 impedit,
1864 1189 2040 1254 quo-

233 1307 236 1311 .
290 1254 501 1322 minus
534 1251 643 1315 ille
673 1249 1032 1321 alterutram
1062 1251 1304 1336 ingredi
1339 1252 1533 1338 possit
1567 1271 1584 1317 τ
1619 1275 1767 1335 ergo
1815 1273 1935 1316 nec
1964 1253 2038 1315 in

292 1361 438 1402 casu
490 1335 693 1402 thesis
734 1335 1131 1421 probabilitas
1193 1337 1385 1401 unius
1416 1334 2035 1402 contradictoriarum
2101 1382 2106 1389 ι

289 1420 549 1509 impedit
586 1419 888 1485 motivum
928 1419 1253 1506 probabile
1285 1419 1559 1486 alterius.
2001 1439 2007 1446 “

367 1519 443 1584 Ρ.
473 1517 543 1582 C.
579 1539 611 1579 a
650 1517 804 1601 pari.

370 1618 452 1681 R.
506 1615 589 1680 N.
629 1614 705 1679 C.
752 1631 817 1679 et
860 1614 930 1679 P.
977 1613 1315 1713 Disparitas
1377 1609 1733 1712 esu-'quod
1773 1612 1843 1676 in
1891 1635 2039 1679 casu

291 1698 530 1783 objecto
571 1699 872 1783 habeatur
915 1715 1218 1766 motivum
1252 1713 1792 1784 proportionatum
1818 1696 1905 1760 ad
1924 1698 2035 1760 in-

293 1783 691 1867 grediendam
740 1781 1109 1863 alterutram⁴
1142 1781 1300 1844 viam
1317 1827 1343 1857 ,
1389 1781 1533 1847 licet
1562 1781 1883 1862 ignoretur
1898 1797 2044 1845 utra

293 1890 370 1930 ex
423 1866 544 1932 illis
582 1867 660 1931 sit
699 1864 910 1949 devia3
949 1881 1256 1951 quatenus
1295 1865 1519 1930 melius
1552 1879 1644 1928 est
1686 1863 1929 1946 ingredi
1954 1862 2041 1948 al-

293 1965 633 2030 tex-utram,
659 1951 841 2013 etiam
874 1972 1020 2011 cum
1040 1948 1326 2034 periculo
1344 1947 1587 2012 errandi
1613 1992 1634 2029 ‚
1676 1970 1866 2033 quam
1885 1969 2041 2012 sem·-

292 2055 407 2117 per
441 2034 675 2099 haerere
701 2032 768 2095 in
798 2031 1004 2107 bivio,
1039 2055 1184 2096 cum
1217 2032 1587 2098 certitudine
1615 2030 2045 2131 nunquamad

286 2117 625 2180 terminum
708 2115 1062 2179 erveniendi
1089 2140 1111 2201 3
1146 2141 1364 2182 verum
1391 2118 1458 2181 in
1480 2118 1626 2180 casu
1652 2117 1839 2180 thcsls
1864 2138 2041 2180 mens

291 2194 542 2261 nullum
587 2198 666 2259 ha
713 2213 771 2258 et
829 2198 1132 2261 motivum
1179 2202 1258 2264 ad
1296 2200 1754 2281 assentiendum
1796 2198 2044 2265 veritati

287 2278 643 2345 'alterutrius
683 2281 940 2341 istarum
987 2282 1611 2346 contradictoriarum
1631 2328 1652 2355 ‚
1696 2303 1845 2345 cum
1879 2299 2044 2345 neu-

268 2374 452 2431 'tram
485 2386 559 2425 ex
599 2363 673 2423 iis
717 2356 1139 2447 apprehendat
1176 2361 1387 2457 potius
1427 2385 1635 2427 veram
1674 2386 1871 2451 quam·
1916 2362 2041 2428 sal-

288 2470 458 2531 sam3
502 2443 675 2532 quod
719 2461 927 2508 tamen
971 2441 1316 2531 requirltur
1358 2462 1431 2509 ut
1468 2445 1688 2511 habeat
1734 2445 2043 2516 motivum

289 2532 832 2622 proportionatum
872 2527 950 2593 ad
986 2549 1320 2591 assensum.
1571 2563 1584 2576 ·

954 2668 1248 2718 msTAms
1296 2644 1394 2715 3.⁰

371 2768 573 2859 Atqui
619 2769 810 2835 etiam
821 2769 916 2864 „in
953 2792 1100 2833 casu
1136 2768 1323 2833 thesis
1370 2782 1566 2854 potest
1596 2789 1773 2833 mens
1806 2766 2042 2840 habere

290 2855 594 2920 motivum
631 2854 1173 2939 proportionatum
1198 2851 1286 2917 vad
1308 2851 1771 2918 *assentiendum
1820 2872 1839 2919 τ
1891 2874 2039 2936 ergo
2074 2886 2078 2889 ·

283 2936 461 3002 nulla
497 2938 844 3021 disparitas.
1603 2973 1606 2976 -

289 3098 304 3122 „-
397 3039 468 3104 Ρ.
521 3038 588 3104 8.
651 3039 1051 3126 Supponatur
1112 3040 1284 3126 quod
1345 3041 1496 3129 quis·
1523 3042 1856 3130 promittat
1880 3039 2041 3106 mihi

293 3125 477 3189 1000.
519 3122 587 3186 fl.
632 3141 705 3187 ut
744 3126 1036 3189 assentiar
1073 3127 1183 3188 uni
1227 3126 1488 3191 istarum
1527 3126 2042 3193 contradictoria·-

289 3230 493 3290 rum3
536 3206 645 3272 tali
685 3229 825 3271 casu
860 3208 1107 3274 ‘habebo
1150 3213 1451 3276 motivum
1490 3211 2033 3311 proportionatum

245 3339 249 3346 .
289 3292 370 3354 ad
414 3292 870 3357 assentiendum
911 3294 1020 3357 uni
1062 3318 1139 3360 ex
1177 3294 1302 3360 illis
1344 3293 1852 3360 contradictoriis.

380 3395 455 3462 P..
485 3397 566 3461 A.
625 3396 813 3461 Tunc
857 3397 1081 3464 melius
1123 3400 1239 3464 erit
1279 3399 1557 3465 assentiri
1604 3400 1721 3465 uni
1758 3422 1833 3465 ex
1866 3397 2032 3479 illia,

295 3496 492 3563 quam
534 3483 786 3567 neutri3
836 3506 984 3567 ergo
1037 3501 1186 3548 tunc
1223 3484 1478 3550 ‘habebo
1530 3485 1836 3550 motivum
1868 3502 2040 3565 pro-

278 3559 705 3647 portionamm
767 3566 846 3634 ad
905 3568 1362 3646 assentiendum
1416 3568 1530 3636 uni
1568 3592 1643 3636 ex
1686 3566 1819 3633 illis
1840 3584 1999 3627 con-

278 3643 667 3713 tradictoriis.
1844 3661 1870 3727 ἱ
