2707 4611
1036 265 1112 329 de
1157 261 1431 349 Logica.
2045 269 2156 334 107

1017 457 1539 509 COROLLARIUM.

496 632 640 721 287.
681 629 823 695 Non
871 627 1034 691 male
1083 645 1231 707 ergo
1273 623 1439 691 inter
1477 638 1768 683 errorum
1804 612 2006 678 fontes
2054 631 2165 674 re-

417 732 745 786 censentur
783 711 1163 800 praejudicia.
1193 708 1356 774 Sunt
1398 721 1612 785 autem,
1644 699 1969 789 opiniones
2002 697 2168 778 ejus-

417 803 587 869 modi
627 795 973 884 an‘ticipatae
1012 789 1471 873 diversissimae3
1563 810 1656 852 uae
1694 803 1904 851 tamen
1941 780 2018 845 ad
2044 796 2168 843 tres

417 887 731 974 praecipue
758 883 975 947 classes
1010 877 1224 942 reduci
1254 897 1428 962 posse
1459 811 1746 937 viaeatur
1765 915 1785 951 ,
1816 890 1968 954 quas
1990 865 2171 947 igno-

417 994 554 1037 rare
601 965 1064 1054 Philosophum
1102 984 1235 1026 non
1280 959 1476 1023 decet.
1516 955 1680 1030 Sunt
1719 976 1867 1020 vero
1892 998 1914 1035 ,

501 1106 592 1157 1.⁰
639 1087 1051 1155 Proeudicia
1084 1080 1416 1170 infantiae.
1450 1077 1639 1144 Nulla
1656 1074 1990 1140 hominum
2024 1086 2167 1136 aetas
2248 1120 2253 1123 .

410 1203 447 1242 a
486 1175 784 1258 singulari
833 1196 906 1242 us
945 1167 1326 1258 quibusdam
1360 1163 1677 1229 erroribus
1714 1183 1786 1224 ac
1812 1158 2003 1224 veluti
2044 1154 2167 1220 sibi

411 1261 687 1347 propriis
731 1274 1012 1345 exempta
1062 1269 1187 1335 est,
1230 1249 1338 1316 sed
1385 1248 1675 1314 omnium
1728 1244 1994 1308 maxime
2039 1239 2165 1304 hoo

413 1344 640 1409 morbo
686 1344 926 1409 laborat
969 1337 1270 1421 infantia3
1331 1334 1509 1399 mens
1549 1330 1721 1395 enim
1762 1345 1972 1392 nostra
2020 1348 2172 1389 om-

413 1429 596 1493 nium
618 1475 640 1513 ,
679 1445 751 1492 ut
789 1427 872 1493 ita
917 1425 1117 1489 dicam
1138 1468 1158 1505 ,
1192 1443 1412 1484 rerum
1449 1418 1663 1500 ignara
1701 1435 1931 1498 corpus
1960 1411 2171 1491 ingre-

416 1512 625 1595 ditur,
667 1535 875 1597 neque
918 1511 989 1573 in
1021 1522 1229 1573 tenera
1262 1496 1374 1570 illa
1407 1518 1588 1577 aetate
1641 1495 1760 1563 ulli
1789 1492 2171 1566 ratiocinio,

416 1596 525 1661 sed
559 1595 889 1662 sensationi
919 1619 989 1658 ac
1015 1589 1346 1679 phantasiae
1374 1587 1582 1653 solum
1614 1582 1789 1647 locus
1812 1596 1903 1644 est
1939 1599 1956 1644 :
1994 1575 2166 1642 unde

418 1679 734 1781 quidquid
789 1679 1050 1745 audiunt
1094 1673 1405 1758 infantes,
1446 1671 1517 1734 in
1556 1668 1716 1734 veris
1760 1664 2013 1729 habent.
2062 1659 2167 1724 Ad

415 1765 680 1831 misenae
721 1762 1048 1828 cumulum
1089 1756 1323 1822 accedit
1342 1804 1362 1837 ,
1416 1752 1588 1843 quod
1634 1749 1971 1817 infantium
2008 1764 2163 1810 cura

412 1872 574 1935 saepe
618 1848 1043 1913 committatur
1076 1845 1191 1925 iis,
1243 1842 1355 1929 qui
1410 1837 1737 1906 erroribus
1772 1833 1946 1921 pleni
2000 1846 2166 1896 sunt.

410 1932 574 1996 Hinc
622 1933 692 1997 fit
737 1949 809 1997 ut
845 1931 1111 1994 infantes
1146 1950 1255 2010 ea,
1313 1948 1452 2013 quae
1490 1921 1867 2002 audierunt,
1901 1916 2057 1982 dum
2096 1913 2177 1991 ad

407 2017 682 2082 adultam
734 2031 975 2081 aetatem
1018 2011 1434 2099 perveniunt,
1512 2009 1620 2076 vix
1664 2022 1774 2071 aut
1812 2026 1893 2068 ne
1930 2003 2032 2068 vix
2082 2023 2164 2065 ex
2259 2078 2262 2085 1

409 2102 620 2165 animo
652 2101 959 2186 extirpare
1001 2097 1259 2164 valeant.

496 2249 588 2300 2.⁰
630 2236 1040 2319 Praejudicia
1079 2237 1404 2320 opinionis
1443 2245 1719 2319 receptae
1737 2277 1759 2304 ,
1794 2227 2026 2294 scilicet
2066 2222 2168 2290 vel

366 2337 371 2341 ·
411 2320 724 2408 propriae,
760 2319 857 2383 vel
901 2315 1152 2380 familiae
1172 2362 1192 2398 ,
1250 2317 1347 2381 vel
1400 2317 1708 2395 nationiS‚
1758 2312 1860 2377 vel
1905 2309 2119 2394 patrioe
2141 2356 2165 2394 ‚

410 2403 507 2469 vel
550 2402 765 2485 vulgi,
805 2399 925 2464 vel'
949 2397 1201 2464 tandem
1241 2397 1626 2482 antiquitatis
1673 2411 1782 2461 aut
1817 2393 2101 2459 novitatis
2143 2414 2163 2461 τ

410 2507 557 2554 sunt
585 2485 905 2567 videlicet,
947 2484 1062 2570 qui
1098 2482 1464 2547 sententiam
1490 2503 1607 2569 pro
1648 2503 1772 2569 qua
1810 2478 2000 2544 semel
2033 2477 2169 2541 ani-

409 2596 591 2638 mum
638 2570 1093 2643 obfirmatum,
1127 2591 1246 2653 pro
1289 2567 1413 2630 aris
1456 2583 1516 2638 et
1556 2564 1708 2642 focis
1728 2579 2163 2651 propugnaut3

407 2675 592 2740 sunt,
630 2657 740 2745 qui
786 2653 1230 2721 communibus
1276 2651 1656 2730 amicorum,
1694 2649 1905 2735 patriae
1933 2662 1993 2709 et
2016 2667 2159 2730 pro-

406 2743 625 2807 vinciae
665 2765 788 2806 suae
808 2739 1212 2824 opinionibus
1233 2736 1673 2820 abripiuntur-3
1699 2731 1920 2813 vulgus
1938 2729 2160 2792 deinde

410 2844 566 2913 quot
600 2824 958 2912 praeiudicia
984 2847 1113 2886 non
1151 2819 1370 2884 fovet?
1395 2835 1540 2882 sunt
1561 2816 1811 2881 tandem
1829 2861 1849 2896 ,
1872 2814 1980 2903 qui
2008 2836 2159 2877 cum.

409 2929 638 2975 veteres
673 2903 866 2971 nimia
909 2906 1312 2969 aestimatione
1351 2916 1852 2989 prosequantur,
1888 2921 2015 2961 non
2038 2898 2160 2963 nisi

409 2995 661 3077 antiqua
691 2992 962 3076 probant
981 3034 1002 3071 ‚
1027 3005 1136 3052 aut
1157 2987 1235 3050 ab
1260 2987 1544 3076 opposito
1565 2984 1799 3075 quibus
1818 2982 1979 3048 nihil
2000 2984 2161 3071 sapit

411 3078 537 3141 nisi
569 3074 742 3161 quod
780 3095 1016 3140 novum
1055 3089 1165 3137 est.

488 3193 581 3259 5.⁰
606 3193 766 3259 Prae
783 3192 1011 3258 'udicia
1035 3190 1467 3274 auctoritatis,
1500 3211 1642 3277 quae
1668 3210 1745 3257 ex
1764 3183 1960 3253 nimia
2004 3183 2175 3253 aesti-

400 3279 675 3353 matione
715 3217 986 3343 aiiorum
1045 3277 1375 3360 oriuntur-3
1436 3298 1565 3362 quo
1616 3272 1688 3338 fit
1718 3318 1739 3356 ‚
1777 3289 1852 3339 ut
1914 3270 1989 3336 iis
2030 3287 2171 3358 quae

404 3388 536 3429 non
585 3363 755 3429 credi
796 3362 904 3436 sed
943 3362 1088 3429 sciri
1120 3361 1416 3427 deberent
1438 3406 1458 3443 ‚
1501 3361 1585 3423 oh
1624 3356 1829 3424 solum
1892 3357 2173 3426 testimo-

406 3449 586 3515 nium
614 3447 1006 3515 eruditorum
1046 3461 1368 3534 praestetur
1406 3465 1702 3508 assensus.
1741 3443 1886 3509 Non
1934 3454 2170 3505 temere

404 3533 658 3619 quidem
684 3533 818 3601 viro
842 3531 1140 3599 doctrinae
1155 3530 1315 3596 fama
1336 3528 1600 3603 celebri!
1620 3520 2171 3595 contradicendum
