2707 4611
621 288 740 357 104
1352 287 1695 353 Tractatus

616 438 708 490 est
737 444 934 513 quam
972 437 1199 487 sectam
1235 438 1453 485 auctor
1489 422 1853 508 profiteatur
1876 468 1897 503 ,
1938 446 2087 490 cum
2123 429 2386 513 pronis-2

613 511 850 575 simum
900 506 982 572 sit
1026 523 1098 572 ut
1154 505 1295 593 quis
1344 505 1655 593 principia
1684 550 1706 592 ,
1768 508 2003 592 quibus
2053 513 2176 593 jam
2231 532 2378 579 ante

615 594 892 659 imbutus
914 607 1038 676 est,
1074 590 1260 656 etiam
1291 590 1362 653 in
1390 590 1648 656 diversis
1685 591 1873 657 rebus
1906 614 2207 681 sequatur
2228 645 2247 682 ,
2296 623 2373 664 ex

614 679 819 768 iisque
859 674 1166 740 nonnulla
1210 674 1637 763 ubicumque,
1680 675 1818 741 data
1865 679 2226 766 occasione,
2262 682 2372 746 in—

614 776 882 852 spergat.
919 759 1206 827 Tandem
1246 760 1510 825 intentio
1548 760 1862 847 loquentis
1904 781 2191 832 censetur
2232 790 2371 832 res-

610 851 824 950 picere
889 869 959 911 ea
1026 867 1167 934 quae
1225 843 1344 933 ipsi
1391 845 1582 928 magis
1639 846 1818 913 obvia
1866 863 2010 912 sunt
2058 868 2119 916 et
2168 868 2315 917 nota
2344 900 2366 937 ,

613 933 681 999 id
719 930 894 1021 quod
924 929 1236 1016 imprimis
1266 953 1388 995 usu
1414 930 1583 995 venit
1612 930 1767 997 dum
1805 931 1883 995 de
1920 932 2366 1015 significatione

611 1018 1031 1083 terminorum
1054 1014 1463 1081 relativorum
1500 1015 1963 1081 determinanda
1992 1019 2211 1101 agitur.
2257 1021 2365 1086 Sic

612 1123 872 1185 magnus
912 1098 1069 1163 olim
1108 1099 1177 1161 in
1235 1098 1484 1166 Graecia
1526 1103 1826 1166 exercitus
1891 1124 2061 1167 nunc
2101 1104 2361 1169 omnino

614 1208 836 1273 parvus
857 1183 1043 1248 foret.
1084 1182 1156 1249 Si
1195 1183 1409 1248 audias
1451 1183 1659 1250 virum
1698 1210 1823 1252 esse
1877 1186 2134 1253 doctum
2157 1235 2177 1272 ‚
2222 1189 2362 1253 vide

610 1295 692 1337 an
711 1270 827 1359 qui
848 1266 1013 1334 illud
1048 1267 1257 1335 asserit
1281 1270 1357 1336 sit
1382 1293 1458 1334 ex
1490 1270 1745 1337 natione
1780 1269 1945 1337 culta
1972 1296 2053 1337 an
2077 1273 2372 1338 barbara.

1284 1477 1419 1525 LEX
1467 1478 1731 1526 TERTIA.

717 1620 1006 1687 Sub’ecta
1062 1622 1316 1688 materia
1358 1622 1707 1690 subsidium
1769 1623 2096 1708 detegendi
2151 1647 2373 1691 verum

608 1705 800 1771 ‚vocab
873 1728 1063 1769 orum
1091 1730 1345 1774 sensum
1371 1709 1729 1795 suppeditat
1772 1730 1788 1774 τ
1828 1733 1899 1774 ea
1929 1711 2100 1777 enim
2123 1732 2372 1797 propo—

606 1787 844 1853 sitionis
871 1804 993 1854 ‘aut
1036 1792 1292 1856 termini
1336 1792 1704 1876 significatio
1750 1817 1877 1859 esse
1919 1794 2366 1887 praesumitur3

607 1896 748 1959 quae
766 1871 1021 1962 reliquas
1040 1871 1238 1937 doctri
1245 1899 1337 1940 nae
1356 1877 1737 1962 integraeque
1754 1900 1972 1941 rerum
1991 1876 2362 1941 connex'iom

607 1957 810 2045 aptius
839 1955 1186 2044 respondet.
1205 1958 1466 2023 Necesse
1485 1958 1677 2040 igitur
1700 1975 1789 2020 est
1809 2002 1830 2039 ‚
1853 1976 1923 2022 ut
1938 1955 2364 2021 antecedentia

607 2064 757 2107 cum
796 2041 1317 2130 consequentibus
1351 2041 1793 2122 conferantur„
1838 2059 1901 2123 et
1941 2041 2367 2126 ,exquirantur

604 2124 742 2191 loca
794 2122 1126 2213 parallelaj
1170 2148 1308 2212 quae
1353 2128 1516 2190 inter
1566 2149 1629 2190 se
1658 2126 2031 2213 comparata
2072 2117 2170 2192 id'
2190 2124 2368 2208 quod

606 2211 950 2282 obscurum
976 2219 1088 2276 ‘est
1104 2256 1135 2294 1,
1178 2234 1309 2273 non
1356 2233 1588 2296 parum
1637 2207 2045 2272 illustrabunt
2092 2229 2107 2272 ε
2154 2223 2245 2271 ast
2298 2230 2373 2271 ea

606 2297 723 2362 ubi
764 2295 966 2363 obiter
1010 2294 1333 2359 dumtaxat
1374 2295 1447 2358 fit
1484 2292 1724 2359 mentio
1742 2338 1763 2375 ,
1804 2291 2076 2357 ,sollicite
2120 2290 2370 2355 discer—

607 2399 843 2446 nantur
863 2378 1112 2465 abillis,
1140 2380 1208 2442 in
1236 2378 1470 2465 quibus
1492 2393 1709 2441 auctor
1734 2377 1985 2463 copiose
2009 2400 2078 2441 ac
2098 2375 2369 2442 dilucide

607 2463 675 2527 id
710 2466 922 2553 ipsum
970 2463 1073 2529 vel
1124 2463 1565 2549 probandum,
1604 2461 1702 2526 vel
1729 2460 2222 2538 declarandum,
2269 2460 2370 2526 vel

608 2548 797 2615 etiam
835 2546 1239 2615 refutandum
1274 2547 1394 2611 sibi
1432 2546 1729 2634 sumpsit,
1767 2562 1955 2647 atque
1992 2570 2067 2611 ex
2101 2546 2195 2609 his
2238 2569 2369 2609 non

609 2652 822 2701 autem
866 2658 944 2699 ex
976 2633 1102 2698 illis
1143 2656 1357 2698 sensus
1392 2632 1731 2698 verborum
1767 2629 2116 2701 definiatur.
2171 2629 2367 2717 Quod

610 2720 702 2804 si,
731 2736 804 2786 ut
828 2742 1288 2805 nonnunquam
1309 2716 1553 2800 evenit,
1584 2714 1839 2784 alterius
1865 2714 2366 2802 interpretationi

610 2805 899 2870 standum
932 2804 1046 2890 sit,
1086 2828 1163 2869 ea
1202 2804 1433 2867 caeteris
1479 2801 1735 2889 paribus
1773 2800 2136 2887 praeferatur
2177 2798 2315 2864 aliis
2341 2844 2363 2883 ,

614 2912 755 2974 quae
795 2913 829 2952 a
875 2912 1076 2955 coaevo
1096 2934 1116 2971 ,
1156 2887 1451 2953 familiari
1483 2903 1592 2952 aut
1634 2885 1939 2972 discipulo
1982 2885 2173 2973 ipsius
2212 2907 2366 2949 auc-

611 2973 763 3036 toris
817 2973 1262 3058 proficiscitur3
1307 2973 1406 3039 vel
1451 2973 1663 3037 saitem
1724 2971 1803 3035 ab
1848 2994 1923 3036 eo
1978 2971 2093 3060 qui
2135 2968 2369 3052 linguae

613 3071 721 3120 aut
731 3054 1078 3205 disciplffae
1100 3079 1240 3141 quae
1264 3073 1679 3142 pertractatur
1702 3056 1920 3139 majori
1953 3078 2083 3144 prae
2107 3053 2366 3141 reliquis

614 3156 831 3208 notltla
875 3164 957 3228 po
1011 3158 1094 3205 et.
1873 3141 1882 3158 ⁶

701 3274 842 3339 283.
887 3275 1067 3341 Libri
1112 3271 1504 3363 potissimum
1558 3272 1843 3339 sunt÷.vel
1882 3271 2206 3345 histon'ci,
2246 3267 2365 3355 qui

616 3359 774 3424 facta
795 3383 801 3389 ·
819 3377 1144 3426 recensent
1158 3407 1177 3442 ,
1192 3389 1195 3392 ·
1210 3358 1493 3455 adeoque
1519 3383 1611 3445 spr
1698 3358 1988 3425 ositiones
2023 3352 2368 3441 singulares

615 3445 932 3512 continent
947 3489 967 3524 ,
989 3445 1087 3509 vel
1109 3444 1485 3533 dogmatcci,
1513 3382 1932 3531 quffiogmam·
1950 3466 2059 3508 seu
2080 3438 2369 3541 proposi·-

615 3535 812 3600 tiones
846 3527 1221 3596 universales
1260 3545 1650 3617 proponunt.
1689 3524 1915 3594 Exhis
1947 3524 2056 3589 alii
2085 3540 2372 3592 veritates
