2707 4611
571 231 652 303 9²
882 234 890 241 ·
1263 209 1605 278 fl'ractatus

567 332 719 401 hinc
755 330 831 397 sit
862 330 1141 397 eruditus
1183 331 1259 397 iis
1299 322 1644 418 disciplinis
1682 354 1956 420 quarum
1986 331 2209 399 notitia
2239 329 2320 407 ad

568 439 766 503 opus,
820 416 992 503 quod
1031 416 1280 497 scribit,
1333 416 1672 480 necessaria
1731 432 1841 480 est.
1889 416 1995 483 Sic
2041 417 2319 489 historiae

564 499 979 565 ecclesiasticae
1011 501 1271 586 scriptor
1313 502 1619 584 insignem
1664 523 1875 580 rerum
1905 501 2322 587 ,theologica-7

550 592 713 650 'rum
735 587 766 665 ,’
820 584 1085 650 historiae
1134 585 1448 672 naturalis⁸
1477 584 1843 671 compilator
1906 587 2313 675 physicarum

563 670 847 735 'notitiam
873 668 1105 733 'habeat
1124 717 1142 751 ,
1172 692 1412 734 necesse
1432 686 1560 754 est3
1590 693 1762 734 secus
1786 669 1953 735 enim
1979 688 2088 735 aut
2113 673 2313 751 multa
2372 696 2378 703 ’

565 756 983 840 maximopere
1021 753 1285 816 notanda
1327 754 1603 832 omittet,
1650 771 1757 818 aut
1802 756 2139 821 omittenda
2184 758 2316 824 imo

565 838 718 904 falsa
751 837 964 902 leviter
992 837 1283 900 credulus
1318 836 1560 900 referet.
1590 837 1753 901 Hinc
1795 839 1983 903 etiam
2011 839 2315 930 pleraque

565 922 730 987 inter
772 921 1009 987 fabulas
1050 921 1374 985 referimus
1408 945 1547 1008 quae
1590 922 1654 983 in
1697 923 2001 987 viatorum
2040 947 2110 986 ac
2138 950 2316 990 mer...

567 1024 843 1072 catorum
863 1005 1072 1070 diariis
1092 1005 1169 1069 de
1184 1005 1483 1069 atheismo
1507 1004 1599 1070 vel
1626 1007 1703 1068 de
1720 1006 2023 1089 religione
2046 1010 2313 1107 populo-

566 1114 715 1158 rum
742 1091 804 1153 in
837 1091 1116 1154 America
1157 1107 1216 1153 et
1237 1091 1379 1167 Asia
1418 1088 1779 1171 degentium
1803 1091 1988 1156 relata
2015 1092 2303 1178 leg-lmus3
2389 1138 2392 1141 η
2430 1138 2434 1145 -

564 1173 850 1251 homines
888 1176 1054 1238 enim
1080 1174 1148 1237 hi
1188 1173 1366 1238 nullo
1394 1197 1647 1260 prorsus
1690 1192 1871 1259 pacto
1903 1175 2111 1240 idonei
2138 1195 2313 1243 erant

565 1258 816 1325 illarum
856 1258 1130 1340 gentium
1162 1259 1443 1323 moribus
1468 1275 1526 1321 et
1567 1257 1885 1340 religionis
1923 1259 2314 1344 dogmatibus

567 1343 990 1444 explorandis,
1027 1346 1262 1432 quippe
1308 1360 1369 1407 et
1409 1344 1738 1406 necessaria
1779 1343 2008 1426 linguae
2046 1345 2260 1410 notitia
2288 1393 2313 1430 ,
2411 1370 2432 1389 “

564 1429 1120 1514 lnterrogandique
1162 1426 1452 1493 methodo
1488 1426 1754 1490 destituti
1793 1444 2003 1511 erant,
2034 1447 2095 1494 et
2128 1431 2312 1495 unice

567 1514 824 1601 quaestui
866 1513 1083 1578 intenti
1131 1536 1453 1598 nunquam
1498 1512 1793 1596 interiora
1836 1536 2052 1579 earum
2100 1516 2315 1598 regio-

564 1619 721 1661 num
781 1615 1204 1696 penetrarunt.
1253 1598 1327 1660 In
1382 1598 1567 1660 rebus
1629 1596 1896 1685 physicis
1940 1600 2315 1666 recentiores

566 1681 1023 1768 antiquioribus
1081 1681 1547 1769 praeferuntur3
1605 1698 1778 1746 extra
1834 1685 2316 1767 controversiam

565 1766 737 1828 enim
754 1765 1025 1851 positum
1042 1784 1131 1829 est
1147 1767 1337 1831 nostri
1352 1772 1474 1828 tem
1484 1765 1649 1850 poris
1667 1766 2310 1853 physicos‘majoribus
2352 1821 2357 1827 .

563 1848 928 1933 adjumentis
961 1848 1038 1912 ad
1076 1865 1312 1915 naturae
1339 1850 1733 1935 phenomena
1765 1867 1826 1916 et
1846 1849 2215 1916 observanda
2244 1864 2307 1915 et

563 1932 1003 2027 perscrutanda
1038 1933 1366 2029 instructos
1398 1957 1547 1997 esse.

1043 2210 1370 2280 REGULAE
1439 2221 1886 2287 COMMUNES.
1965 2244 2012 2249 ··

1130 2527 1393 2583 REGULA
1467 2527 1693 2575 PRIMA.

438 2773 441 2774 γ
653 2693 723 2765 Si
757 2720 855 2764 res
897 2713 1137 2761 narrata
1179 2710 1388 2783 aperte
1425 2690 1501 2755 sit
1535 2684 2310 2778 impossibilis‚,quantu’sn

526 2805 833 2871 ·cumque
874 2781 1097 2845 referat
1136 2780 1380 2844 testium
1431 2799 1770 2850 numerus,
1811 2774 1890 2837 ad
1928 2774 2165 2840 fabulas
2219 2792 2311 2841 est

554 2867 906 2947 releganda.
953 2867 1208 2930 Interim
1254 2888 1379 2928 non
1433 2883 1622 2926 omne
1673 2860 2053 2946 impossibile
2086 2877 2176 2924 est
2203 2861 2310 2922 di·-

561 2950 829 3015 oendum
875 2950 1048 3036 quod
1087 2950 1270 3030 vulgo
1301 2944 1684 3036 impossibile
1735 2944 2029 3009 creditur.
2065 2943 2313 3012 Exem-.

557 3033 667 3125 plo
706 3034 828 3106 sint
873 3032 1334 3121 quamplurima
1378 3034 1772 3122 phenomena
1814 3028 2123 3097 electrica.

1109 3211 1373 3260 REGULA
1431 3208 1747 3265 SECUNDA.

641 3339 706 3407 Si
755 3340 1228 3407 circumstantiae
1251 3386 1270 3414 ,
1312 3334 1455 3427 quae
1504 3340 1667 3404 facto
1696 3352 2111 3403 annectuntur
2133 3378 2153 3407 ,
2182 3332 2303 3397 sibi

559 3424 1023 3502 contradicant,
1058 3425 1142 3491 de
1177 3425 1310 3513 ‘ipsa
1345 3448 1417 3490 re
1458 3427 1650 3493 etiam
1688 3420 1914 3501 merito
1956 3418 2301 3501 dubitatur.
