2707 4611
1002 213 1080 282 ’ἅε
1114 196 1382 305 Logira.
1742 221 1753 237 ’
1955 200 2068 278 '123

942 380 1233 426 msa-Auis
1281 354 1377 424 3.⁰
1632 326 1639 331 .

421 486 492 552 Si
529 484 865 574 propositio
907 486 1223 550 indefinita
1271 485 1339 547 in
1395 483 1648 548 materia
1688 480 2083 562 contingente

343 573 559 637 reduci
596 571 811 636 debeat
857 569 932 633 ad
967 568 1414 650 universalem,
1453 570 1581 650 ejus
1617 565 2086 631 contradictoria

344 656 692 720 reducenda
738 655 857 719 erit
881 656 958 717 ad
996 653 1433 742 particularem
1461 672 1476 716 :
1508 675 1655 734 ergo
1684 650 1910 715 dantur
1939 672 2087 734 pro*

345 740 676 888 Ξοίἰῑὶοιιεε
706 738 1037 805 indefinitae
1093 758 1230 825 quae
1288 736 1367 800 ad
1428 736 1830 822 particulares
1870 733 2084 800 reduci

395 848 426 888 e
472 840 595 888 ent.

373 915 397 931 ⁶
428 930 607 994 Proh.
638 926 1096 1014 consequentia.
1131 922 1624 991 Contradictoria
1651 916 2091 1013 propositionis

348 1012 681 1078 indefinitae
716 1030 804 1076 est
840 1012 1023 1075 etiam
1062 1010 1428 1096 indefinita3
1473 1010 1648 1096 atqui
1679 1008 2092 1074 contradicto-'-

346 1096 440 1161 ria
485 1096 923 1184 propositionis
959 1094 1318 1161 universalis
1357 1112 1446 1160 est
1477 1093 1911 1180 particularis:
1942 1108 2090 1175 ergo

346 1181 584 1245 dantur*
603 1182 1053 1267 propositiones
1094 1178 1428 1245 indefinitae
1467 1202 1606 1264 quae
1643 1179 1719 1242 ad
1751 1178 2094 1264 particula-

348 1287 447 1330 res
482 1264 696 1329 reduci
728 1265 976 1330 debent.

432 1374 512 1436 R.
539 1374 620 1437 N.
650 1373 725 1438 G.
766 1373 926 1439 Nam
961 1372 1117 1437 du‘m
1186 1365 1497 1458 ‘ro'positio
1535 1368 1746 1456 aliqua
1775 1368 2095 1434 indefinita

351 1456 771 1522 consideratur
810 1477 882 1523 ut
922 1396 1392 1522 contradictoria
1430 1454 1682 1520 alterius
1716 1452 2051 1517 indefinitae'
2072 1498 2093 1532 ‚

349 1545 471 1625 jam
512 1542 851 1628 propositio
893 1540 1000 1605 illa
1040 1541 1493 1622 determinatur
1539 1537 1616 1602 ad
1660 1555 1902 1602 certum
1943 1557 2094 1600 sen-

351 1638 492 1690 sum
518 1671 538 1708 ‚
577 1625 790 1711 sicque
836 1649 967 1691 non
1007 1625 1274 1712 amplius
1299 1641 1390 1688 est
1414 1621 1754 1687 indefinita.
1775 1620 1910 1683 Hoc
1934 1643 2094 1719 prae-

349 1709 563 1797 'sertirn
601 1709 817 1775 locum
850 1699 1041 1774 habet
1076 1711 1147 1773 in
1192 1707 1723 1796 propositionibus
1761 1704 2051 1787 negativis
2073 1748 2097 1790 ,

352 1812 494 1881 quae
547 1793 766 1881 saepius
836 1810 1185 1880 respectum
1209 1805 1215 1812 '
1243 1791 1467 1874 dicunt
1528 1790 1607 1871 ad
1659 1789 2048 1854 affirmativas
2077 1834 2099 1872 ,

352 1900 625 1975 quarum
666 1895 813 1943 sunt
855 1877 1386 1962 contradictoriae3
1426 1893 1485 1940 et
1516 1875 1604 1939 sic
1636 1874 1768 1938 haec
1808 1874 2100 1974 proposi-

348 1977 436 2026 tlo
470 1980 487 2026 ε
532 1962 732 2026 Senes
770 1973 922 2025 sunt
961 1962 1325 2025 laudatores
1360 1971 1488 2024 tem
1537 1956 1663 2024 oris
1695 1969 1863 2040 acte,
1900 1958 2100 2041 signi-

348 2045 489 2109 ficat
520 2070 693 2110 senes
732 2062 805 2111 ut
848 2045 1198 2131 plurimum
1245 2067 1371 2111 esse
1417 1985 1566 2110 tafes
1610 2065 1627 2110 ε
1676 2043 1727 2107 si
1768 2066 1913 2108 vero
1958 2043 2101 2129 quis

351 2149 416 2189 se
455 2146 730 2211 opponat
769 2145 831 2191 et
864 2129 1026 2192 dicat
1062 2151 1079 2195 ε
1122 2131 1321 2197 Senes
1366 2153 1500 2193 non
1534 2138 1691 2193 sunt
1738 2128 2100 2191 laudatores

356 2212 655 2308 temporis
676 2212 807 2356 αιίἰί
822 2242 843 2282 ,<
920 2233 1132 2275 sensus
1173 2218 1303 2292 ejus
1324 2216 1457 2287 erit,
1478 2212 1651 2296 quod
1686 2209 1897 2293 plures
1932 2233 2106 2274 senes

357 2315 485 2357 non
519 2310 642 2357 sint
671 2312 729 2357 ta
761 2316 838 2355 es.

885 2438 1197 2509 THESIS
1243 2439 1600 2511 TERTIA.

362 2598 602 2664 Omnes
633 2592 1097 2682 propositiones
1128 2618 1295 2660 verce
1339 2605 1494 2660 sant
1525 2615 1710 2681 ceque
1742 2618 1910 2661 veroe
1933 2623 1957 2677 ς,
1992 2599 2107 2663 sed

599 2680 771 2745 inter
794 2678 1016 2769 falsas
1054 2705 1189 2746 una
1236 2692 1332 2745 est
1355 2679 1603 2767 salsior
1630 2681 1856 2747 altera.

440 2837 757 2902 Demonst.
782 2838 984 2924 prima
1011 2860 1173 2923 pars.
1194 2837 1292 2902 Ad
1317 2835 1636 2904 veritatem
1668 2839 2103 2925 propositionis

360 2921 709 3005 requiritur
742 2939 813 2985 ut
846 2944 1033 2986 omne
1068 2925 1197 3003 ejus
1238 2938 1537 2987 assertum
1588 2924 1869 2989 subsistat
1912 2943 2103 3011 prout

360 3003 691 3087 asseritur,
742 3004 864 3069 sive
916 3005 1262 3091 requiritur
1308 3006 1663 3071 omnimoda
1703 3007 2102 3076 conformitas

362 3083 802 3177 propositionis
838 3112 982 3153 cum
1011 3113 1125 3153 suo
1170 3090 1448 3174 object03
1485 3094 1670 3179 atqui
1691 3092 1866 3158 nulla
1901 3111 2103 3181 potest

358 3197 488 3239 esse
528 3176 734 3260 ‘major
787 3174 1186 3239 conformitas
1238 3198 1429 3262 quam
1484 3176 1841 3240 omnimoda
1884 3198 1901 3242 ε
1948 3202 2095 3262 ergo

361 3281 577 3323 omnes
609 3255 1053 3345 propositiones
1074 3283 1229 3323 verae
1261 3277 1406 3324 sunt
1437 3282 1611 3346 aeque
1631 3284 1809 3326 verae.
1834 3261 1938 3327 Sic
1964 3287 2100 3330 om-

366 3364 474 3405 nes
509 3343 686 3408 lineae
743 3361 923 3409 rectae
976 3359 1121 3408 sunt
1165 3367 1342 3430 aeque
1396 3355 1578 3409 rectae
1610 3390 1631 3424 ‚
1679 3346 1824 3431 quia
1867 3348 2098 3414 scilicet

364 3426 664 3495 rectitudo
695 3425 874 3495 lineae
907 3445 1085 3498 rectae
1121 3428 1304 3495 debet
1346 3450 1472 3494 esse
1518 3430 1893 3496 omnimoda.
