2707 4611
683 265 767 355 no
1358 284 1716 362 rsl'ractatm

755 411 850 471 53.
874 411 1169 470 Scnomor«.
1198 431 1237 467 1.
1261 387 1419 468 Patet
1471 409 1531 466 id
1554 428 1626 468 ex
1650 404 1978 484 quotidiana
1997 383 2268 466 sermonis
2297 429 2436 468 con-
2502 479 2505 482 ¹

681 489 975 547 suetudine
991 507 1007 559 3
1021 486 1229 545 etenim
1248 486 1385 542 dum
1410 483 1655 560 aliquem
1674 481 2139 541 sermocinantem
2154 484 2457 557 audimus„
2529 495 2537 503 '

681 568 806 641 jure
849 562 1086 640 quodam
1152 560 1432 639 exigimus
1470 570 1532 614 ut
1575 552 1670 617 ine
1703 569 1757 615 et
1811 557 2000 642 rebus·
2031 556 2168 643 ipsis
2213 572 2268 618 et
2324 580 2438 618 suae

680 638 855 697 menti
899 647 1265 709 congruenter
1292 636 1587 711 loquatur3
1625 652 1862 708 eumque
1903 652 2004 709 qui
2033 653 2095 689 ln
2132 635 2310 708 priori
2332 637 2435 694 de-

680 713 803 799 ficit
821 755 839 784 ‚
886 711 1210 789 ignorantiae
1226 731 1245 787 3
1301 710 1510 794 quiin
1552 706 1847 785 posteriori
1870 738 1904 776 ,·
1950 709 2228 769 mendacii
2279 731 2436 796 reum

684 807 917 866 agimus.

752 895 846 984 54.
875 896 1178 956 Scnomou.
1212 916 1265 954 2.
1284 895 1445 967 Quod
1479 891 1610 955 vero
1650 895 1720 951 ad
1756 892 1996 967 primam
2033 896 2433 954 vocabulorum

683 973 957 1047 originem
1006 972 1204 1029 attinet
1224 1014 1242 1043 ‚
1286 990 1387 1028 nos
1428 969 1580 1026 illam
1607 969 1659 1027 ei
1704 968 1897 1026 deberi
1927 978 2183 1042 putamus
2209 970 2434 1044 quinos

684 1048 753 1105 ad
787 1065 1133 1105 communem
1174 1046 1303 1107 vitae
1339 1044 1652 1103 societatem
1707 1043 1958 1106 condidit
1989 1064 2002 1099 ε
2062 1063 2252 1103 eorum
2300 1064 2436 1105 vero

683 1121 1081 1181 vocabulorum
1100 1157 1130 1190 ‚-
1182 1140 1304 1196 quae
1359 1138 1651 1196 progressu
1711 1118 1970 1194 temporis
2015 1119 2385 1192 obtinuerunt
2405 1162 2428 1189 ,

681 1195 1173 1273 significationem,
1207 1195 1279 1252 ab
1319 1194 1618 1252 arbitraria
1652 1205 1706 1252 et
1735 1194 1912 1251 libera
1954 1213 2179 1269 prorsus
2197 1197 2435 1273 populo—

688 1289 816 1328 rum
852 1269 1200 1328 institutione
1240 1280 1294 1327 et
1339 1270 1648 1329 retentione
1680 1269 1996 1345 provenire.

772 1400 874 1464 55.
898 1397 1184 1462 Termini
1203 1421 1319 1485 pro
1344 1398 1691 1464 diversitate
1725 1399 2008 1463 idearum
2046 1422 2200 1483 quas
2237 1397 2434 1463 deno-

683 1499 815 1547 tant
837 1527 858 1565 ‚
895 1483 963 1544 in
997 1482 1263 1547 diversas
1305 1480 1522 1547 classes
1554 1483 1832 1549 abeunt:
1871 1499 1959 1547 est
1987 1482 2288 1547 nimirum
2313 1501 2435 1548 ter-

682 1565 894 1632 minus
933 1564 1031 1629 vel
1069 1565 1458 1652 singulari-e,
1499 1584 1570 1630 ut
1607 1567 1833 1631 Cicero
1852 1613 1875 1641 ,
1917 1565 2019 1630 Izic
2063 1566 2250 1631 homo
2281 1594 2301 1641 ς
2340 1571 2436 1633 vel

682 1647 1099 1723 universalis,
1139 1669 1211 1714 ut
1238 1648 1429 1713 homo
1452 1676 1479 1729 ,-
1503 1649 1597 1714 vel
1617 1650 2042 1741 particularis
2072 1696 2093 1734 ,
2117 1652 2433 1739 utaliquis

677 1733 889 1805 homo-
910 1731 1285 1797 Universalis
1319 1732 1416 1799 vel
1443 1748 1530 1805 est
1596 1734 1905 1816 enericus,
1934 1751 2007 1799 ut
2022 1735 2278 1799 animal
2291 1764 2314 1798 .-
2336 1738 2430 1801 vel

601 1839 606 1845 ·
676 1813 1014 1903 specificas
1033 1862 1056 1890 ,
1087 1833 1157 1881 ut
1192 1817 1382 1881 homo
1404 1845 1428 1882 .-
1458 1840 1531 1884 ve
1583 1834 1670 1881 est
1693 1829 2022 1881 concretus
2038 1865 2061 1894 ‚
2087 1836 2157 1882 ut
2173 1821 2388 1884 doctus
2403 1846 2428 1897 ‚-

678 1900 777 1964 vel
814 1899 1206 1983 abstractus,
1262 1899 1722 1965 utfdoctn‘na:
1758 1901 1856 1965 vel
1894 1918 1982 1965 est
2009 1903 2314 1987 simplex,
2361 1921 2430 1966 ut

680 1983 869 2047 Deus
885 2030 907 2058 ,
929 1983 1116 2066 homo
1134 2031 1158 2059 ,
1183 2000 1241 2047 et
1266 1986 1468 2049 omnis
1493 1985 1604 2074 qui
1624 1986 1811 2049 unico
1829 2004 2061 2050 constat
2084 1985 2376 2054 vocabulo
2397 2010 2419 2069 3
2510 2035 2513 2040 .

678 2067 777 2134 vel
796 2068 1163 2167 complexus
1185 2113 1207 2141 ,
1229 2085 1298 2132 ut
1311 2068 1499 2133 homo
1524 2070 1742 2133 doctus
1761 2115 1781 2152 ‚
1815 2069 2072 2134 animal
2090 2068 2418 2143 rationale,

682 2166 746 2214 et
786 2172 989 2215 omnis
1032 2152 1146 2239 qui
1176 2150 1479 2237 pluribus·
1504 2169 1742 2219 constat
1771 2154 2099 2221 vocabulis.

752 2283 846 2345 56.
863 2284 1174 2344 Senomon.
1204 2285 1538 2348 Terminum
1574 2288 1748 2347 unico'
1781 2300 2117 2348 constantem
2158 2288 2429 2349 vocabulo

679 2369 793 2420 esse
825 2360 1173 2436 simplicem,
1211 2364 1566 2437 complexum
1613 2383 1746 2426 vero
1774 2367 1874 2454 qui
1920 2366 2181 2442 pluribus
2220 2376 2429 2423 constat

682 2438 967 2494 vocabulis
993 2437 1201 2504 „inter
1244 2454 1434 2497 omnes
1453 2439 1684 2516 Logicos
1711 2452 1842 2500 satis
1866 2441 2162 2513 convenit3
2197 2443 2287 2496 sed
2316 2462 2430 2500 non

682 2527 871 2566 omnes
909 2530 973 2568 ea
1008 2524 1154 2569 recte
1190 2513 1496 2570 conciliant
1532 2535 1660 2574 cum
1700 2517 1824 2572 data
1849 2533 1962 2589 ase
1998 2517 2133 2572 ideae
2154 2515 2427 2590 simplicis

678 2596 738 2642 et
766 2585 1059 2659 complexae
1079 2586 1324 2646 notione.
1350 2586 1433 2645 Ea
1447 2600 1571 2671 apte
1590 2606 1888 2662 congruere
1910 2606 2038 2643 cum
2058 2589 2200 2644 datis
2221 2609 2253 2644 a
2266 2591 2427 2647 nohis

678 2652 907 2719 illarum
938 2659 1390 2731 definitionibus,
1424 2662 1643 2719 videbit
1677 2659 1931 2737 quisquis
1950 2679 2014 2716 ea
2039 2672 2255 2718 tantum
2278 2663 2428 2722 inter
2476 2700 2483 2704 -

676 2754 735 2792 se
767 2733 1097 2794 contulerit:
1131 2755 1268 2794 cum·
1288 2735 1440 2795 enim
1475 2734 1695 2812 singulo
1734 2734 2003 2795 vocabulo
2032 2735 2252 2810 singula
2297 2737 2424 2797 idea

677 2813 1039 2885 respondeat,
1095 2810 1144 2867 si
1178 2811 1439 2888 pluribus
1491 2809 1781 2868 vocabulis
1836 2811 2049 2868 constat
2098 2810 2372 2870 terminus
2394 2855 2419 2883 ,

641 2951 645 2955 .
674 2887 857 2961 palam
877 2885 1033 2943 estin
1056 2884 1179 2944 idea
1200 2886 1560 2962 respondente
1569 2885 1733 2959 plura
1748 2883 2421 2965 distincterepraesentari,

676 2961 921 3034 adeoque
959 2960 1112 3017 illam
1150 2961 1330 3020 ideam
1360 2959 1700 3039 complexam
1724 2979 1872 3020 esse:
1908 2965 2077 3022 unico
2106 2977 2289 3024 aute-m
2313 2986 2418 3025 vo-
2472 3020 2477 3025 .

676 3035 877 3091 cabulo
909 3053 1021 3092 non
1042 3035 1152 3093 nisi
1171 3036 1294 3093 idea
1321 3037 1822 3111 simplex-exterius
1838 3039 2184 3103 manifestari
2196 3051 2371 3126 potest
2396 3061 2414 3111 ;

676 3118 743 3168 ut
774 3109 924 3167 enim
968 3109 1090 3166 idea
1144 3113 1432 3184 complexa
1454 3153 1473 3182 ,
1523 3130 1645 3186 quae
1699 3125 1913 3190 semper
1944 3117 2107 3191 plura
2158 3117 2416 3172 d1stincte

674 3184 904 3243 exhibet
926 3227 940 3254 ,
1000 3184 1244 3242 exterius
1297 3186 1643 3261 declaretur,
1694 3200 1834 3246 notae
1883 3190 2112 3267 singulae
2172 3208 2293 3262 quae
2352 3188 2413 3246 in

674 3262 890 3333 objecto·
919 3258 1283 3393 dgstkiJnguitur
1314 3259 1600 3336 singulum
1635 3263 1972 3325 vocabulum
2009 3264 2253 3323 exterius
2291 3282 2412 3327 res-

672 3339 914 3408 pondere
993 3356 1020 3393 e
1062 3347 1131 3393 et.
1902 3364 1906 3369 ·

743 3443 858 3528 57.
875 3443 1209 3508 Terminus
1219 3428 1488 3533 quilibet
1505 3445 1659 3512 duas
1676 3448 1870 3513 menti
1893 3449 2054 3511 ideas
2073 3445 2415 3530 ingenerat,

671 3539 867 3593 unam
904 3527 1001 3593 sui
1038 3528 1231 3615 ipsius
1258 3544 1566 3621 quatenus
1595 3547 1683 3598 est
1709 3555 1898 3599 sonus
1939 3530 2335 3616 articulatus,
2355 3549 2419 3599 et
