2707 4611
20 456 91 579 ,ἐς

611 212 702 339 76
798 194 807 199 ⁸
1299 237 1686 311 Tractatus

1214 443 1609 495 CHARACTER
1665 447 1709 492 1.

699 608 880 677 Illius
922 630 1056 675 non
1094 608 1219 675 alia
1270 627 1570 675 noscatur
1619 611 1793 692 origo
1844 573 2037 696 quani
2081 600 2225 704 qu'ae
2274 633 2366 682 est

614 693 808 783 ipsius
847 710 1079 760 naturae
1100 740 1123 777 ,
1159 716 1271 759 seu
1316 692 1395 757 ad
1436 693 1597 759 illud
1653 697 1992 760 necessario
2034 696 2365 764 serendum

616 801 654 844 a
735 795 838 845 nte
877 795 940 843 et
977 778 1110 877 sine
1145 776 1277 843 ulla
1309 775 1547 878 ratione
1577 801 1612 841 a
1632 778 1964 845 dictamine
1995 798 2236 849 naturae
2264 783 2364 848 di-

661 884 792 930 em
807 898 833 947 5
864 883 1203 949 rflpmmur·

1252 1061 1641 1111 anRAcTER
1688 1066 1749 1111 2.

615 1279 628 1288 .
704 1220 802 1290 Sit
840 1219 1223 1304 universale,
1256 1220 1380 1286 sive
1421 1223 1714 1288 omnibus
1750 1224 2107 1294 hominibus
2154 1252 2362 1317 quan..

629 1320 1029 1393 mmcunque
1089 1306 1298 1392 quoad
1355 1328 1561 1371 mores
1614 1325 1676 1373 et
1731 1308 2055 1392 ingenium
2117 1312 2366 1380 diversis

635 1412 974 1459 commune
988 1437 1010 1467 ‚
1049 1390 1264 1476 paucis
1306 1386 1406 1454 vel
1448 1390 1639 1457 nullis
1669 1394 2244 1465 contradicentibus.

1223 1589 1615 1640 OEAMCTER
1665 1569 1729 1642 3.

710 1756 808 1823 Sit
857 1773 1141 1823 constans
1183 1774 1244 1823 et
1281 1774 1658 1844 perpetuum
1675 1806 1699 1834 ,
1742 1782 1875 1825 non
1916 1759 2106 1841 hujus
2141 1776 2388 1827 tantum

630 1841 856 1917 etatis,
892 1841 1000 1906 sed
1042 1858 1104 1906 et
1156 1841 1552 1927 superiorum
1598 1858 1848 1906 aetatum
1897 1842 2182 1908 moribus
2214 1843 2382 1909 litte·
2477 1926 2483 1933 .

629 1942 842 2014 nsque
886 1924 1297 2031 excultarum.

1236 2124 1630 2201 cnaucun
1689 2101 1786 2191 4.,
1894 2147 1903 2157 -

720 2292 815 2361 Sit
851 2291 1169 2359 uniforme
1201 2338 1224 2375 ,
1272 2315 1386 2356 seu
1440 2315 1588 2355 cum
1626 2290 1762 2356 aliis
1804 2290 2162 2358 veritatibus
2209 2291 2389 2358 certis

636 2400 712 2444 ac
751 2379 831 2444 ab
872 2379 999 2465 ipsa
1043 2393 1263 2441 natura
1305 2378 1554 2441 dictatis
1588 2378 1970 2452 'connexu-m.

726 2516 871 2605 195.
935 2515 1265 2581 Neminem
1315 2514 1556 2580 morari
1611 2514 1795 2580 debet
1837 2514 2167 2603 scrupulus
2220 2538 2388 2606 quo-5

639 2600 932 2672 rumdam
979 2599 1458 2665 existimantium
1500 2619 1613 2661 nos
1654 2614 1821 2662 certo
1854 2601 2013 2662 scire
2046 2620 2174 2662 non
2257 2622 2392 2682 osse

638 2708 723 2752 an
759 2681 1000 2768 allegati
1040 2686 1418 2750 characteres
1453 2680 1689 2757 adsint,
1716 2699 2046 2769 propterea
2076 2705 2205 2769 quo
2272 2706 2393 2750 nec

637 2792 857 2835 omnes
895 2770 1180 2835 homines
1204 2816 1226 2843 ,
1270 2788 1386 2831 nec
1437 2766 1683 2831 interna
1726 2789 1945 2831 eorum
1995 2790 2170 2832 sensa
2225 2768 2388 2833 circa

636 2852 1115 2918 determinatum
1146 2851 1403 2942 aiiqnod
1425 2852 1736 2935 objectum
1765 2873 2019 2917 noscere
2039 2851 2390 2939 'valeamus3

641 2937 869 3000 etenim
902 2936 981 3000 ad
1016 2937 1247 3001 horum
1282 2935 1699 3021 cognitionem
1739 2937 2150 3015 certitudine,
2183 2937 2234 3001 si
2263 2960 2391 3002 non

636 3018 890 3108 physica
932 3035 1041 3085 aut
1081 3021 1499 3108 metaphysica
1526 3066 1547 3105 ‚
1606 3021 1826 3087 saltem
1861 3022 2087 3090 morali
2125 3021 2389 3090 maxime

637 3125 754 3169 nos
796 3104 1117 3192 perducet,
2377 3115 2384 3121 ’

610 3224 619 3325 s
710 3249 801 3303 ι’.
846 3236 1149 3315 Illorum,
1190 3256 1348 3321 qnos
1392 3233 1775 3320 interrogare
1811 3236 1959 3302 licet
1976 3282 1997 3313 ‚
2022 3220 2353 3308 ,confessio-

717 3372 812 3428 2⁰·
855 3361 1147 3431 Aliorum
1187 3360 1431 3427 vivendi
1467 3363 1626 3428 ratio
1663 3362 1930 3425 exterius
1963 3357 2384 3448 manifestata3

630 3466 841 3513 sensus
882 3445 1053 3509 enim
1099 3443 1395 3513 naturalis
1412 3490 1437 3529 ,
1468 3447 1570 3512 -vel
1606 3445 1817 3517 invitis
1855 3443 2040 3514 nobis
2056 3491 2081 3533 ,
2113 3445 2387 3518 actiones

626 3547 865 3602 nostras
899 3543 1184 3628 externas
1216 3527 1532 3598 moderari
1565 3528 1743 3599 solet.
2126 3529 2131 3536 '
