2707 4611
976 228 1056 297 de
1088 228 1412 320 Lag-ica..
1755 264 1765 273 “
1873 334 1879 341 ⁸
1963 194 2051 318 ὦ

846 425 1133 513 Διιιῑΰίιζωι
1197 429 1461 484 muta

391 601 516 667 Res
570 592 743 666 valde
790 596 1145 678 mirabiles,
1198 600 1459 667 insolitae
1476 645 1499 675 ‚
1548 595 1890 686 praesertim
1925 592 2049 663 inan

308 687 380 751 in
433 686 663 774 quibus
721 682 1039 772 phantasia
1090 702 1197 751 aut
1248 708 1540 753 sensuum
1599 681 1811 747 illusio
1862 680 2059 747 facile-

310 770 523 838 Iocum
560 771 777 847 habet,
822 791 947 833 non
990 767 1172 834 facile
1198 771 1311 834 uni
1334 793 1450 834 nec
1484 767 1770 855 pluribus
1797 766 2054 832 testibus

311 854 629 920 credendae
682 870 849 920 sunt.
923 851 1087 917 Hinc
1139 872 1434 941 suspectae
1487 851 1863 939 plerumque
1907 869 2057 929 sunt

310 939 589 1006 terrificae
615 938 740 1006 illae
774 938 853 1003 de
871 938 1060 1021 sagis,
1093 940 1391 1026 spectris,
1412 938 1761 1005 lemuribus
1786 935 2052 1025 aliisque
2123 1023 2129 1028 ,

306 1025 373 1095 id
404 1040 598 1111 genus
637 1021 1137 1102 narratiunculae.
2121 1044 2129 1051 ·

873 1223 1138 1289 mecum
1201 1222 1486 1287 omnm.

390 1386 489 1455 Ex
534 1410 610 1453 eo
638 1390 900 1476 'praecise
941 1391 1117 1481 quod
1158 1390 1391 1461 factum
1433 1384 1690 1479 aliquod
1726 1388 2064 1476 antiquum
2097 1472 2098 1479 ἵ

307 1474 594 1540 moribus
618 1492 724 1539 aut
745 1497 785 1536 o
830 1475 1150 1541 inionibus
1173 1478 1399 1543 nostris
1422 1490 1902 1539 consentaneum
1931 1494 2061 1535 non

272 1558 391 1623 ‘sit
413 1604 440 1640 ‚
493 1556 703 1623 vocari
759 1497 921 1622 iilud
968 1562 1038 1626 in
1089 1561 1357 1626 dubium
1404 1584 1534 1624 non
1578 1558 1805 1641 debet3
1853 1579 2064 1629 mores¹

311 1641 484 1706 enim
524 1658 589 1707 et
624 1640 950 1727 opiniones
993 1663 1313 1713 mutantur
1352 1668 1502 1711 cum
1538 1661 1841 1730 tempore.

884 1846 1145 1896 ancum
1211 1845 1482 1905 omnm.

386 2005 676 2075 Traditio
717 2011 1069 2076 communis
1124 2011 1271 2078 facti
1305 2010 1571 2086 alicuius
1611 2007 1856 2097 antiqui
1876 2055 1899 2085 ‚
1940 2006 2052 2074 sed

305 2090 598 2156 solemnis
645 2110 709 2158 et
752 2095 1035 2181 publici,
1065 2095 1232 2165 -licet
1283 2102 1413 2181 ejus
1450 2096 1825 2161 documenta
1859 2114 2060 2159 coaeva

307 2194 438 2235 non
471 2191 715 2257 extent,
751 2201 1038 2260 magnam
1071 2199 1278 2246 tamen
1322 2182 1511 2245 fidem
1552 2195 1830 2244 meretur
1858 2202 1879 2218 ·
1907 2200 2065 2244 cum

311 2255 491 2320 enim
527 2260 824 2340 ejusmodi
869 2263 1027 2327 facta
1063 2284 1178 2326 nec
1220 2265 1355 2327 sine
1405 2286 1633 2344 magno
1672 2283 1846 2349 popu
1870 2285 2061 2330 orum

309 2338 573 2426 strepitu
614 2343 781 2424 geri,
817 2367 935 2407 nec
976 2343 1108 2405 sine
1147 2345 1401 2428 publica
1444 2345 1872 2430 plurimorum
1910 2371 2063 2412 con-

308 2425 592 2490 sensione
627 2423 932 2525 divulgari
968 2426 1049 2490 ita
1073 2427 1488 2491 communiter
1512 2429 1827 2513 potuerint
1846 2477 1869 2507 ‚
1914 2433 2062 2521 quis

204 2560 213 2584 ,
308 2508 472 2574 ausit
534 2509 835 2609 suspigu.⁴
900 2510 1162 2594 majores
1183 2557 1206 2587 ‚
1269 2534 1344 2577 ex
1404 2534 1681 2601 quorum
1732 2514 2060 2583 traditione

312 2594 532 2659 notitia
551 2593 693 2658 facti
730 2594 806 2657 ad
842 2618 954 2661 nos
993 2595 1313 2682 pervenit,
1348 2596 1427 2660 ad
1466 2620 1666 2662 unum
1698 2621 1916 2664 omnes
1947 2613 2076 2665 aut·

309 2695 440 2742 tam
476 2678 788 2766 simplices
823 2698 883 2744 et
907 2680 1194 2746 credulos
1232 2682 1424 2747 fuisse
1443 2728 1463 2763 ,
1488 2697 1560 2745 ut
1581 2682 1905 2746 manifeste
1917 2681 2061 2748 falli

308 2783 376 2825 se
419 2763 512 2826 ab.
542 2765 883 2849 impostore
936 2768 1096 2852 passi
1143 2768 1308 2842 sint,
1359 2783 1467 2831 aut
1508 2782 1630 2829 tam
1667 2765 2001 2832 malitiosos
2027 2813 2053 2848 ‚

309 2861 386 2909 ut
419 2849 773 2934 conspirare
809 2849 887 2912 ad
923 2852 1395 2935 propagandum
1432 2869 1560 2914 tam
1589 2850 1866 2914 solemne
1889 2874 2060 2918 men·

310 2927 561 2995 dacium
600 2930 932 2997 voluerint.
983 2932 1255 3010 Contra,
1308 2934 1391 2999 ob
1441 2935 1636 2999 solam
1661 2934 2057 3002 traditionem

309 3014 500 3079 etiam
538 3035 937 3080 communem
978 3017 1146 3081 credi
1183 3043 1312 3083 nou
1348 3018 1536 3084 debet
1575 3019 1845 3098 sactum,
1883 3023 2058 3111 quod

308 3096 379 3172 in
429 3122 494 3162 se
540 3097 636 3164 vel
683 3098 750 3162 in
796 3101 921 3165 suis
975 3099 1280 3185 adjunctis
1323 3104 1622 3188 ejusmodi
1670 3120 1761 3170 est
1789 3151 1811 3188 ,
1867 3124 1940 3174 ut
1972 3109 2056 3173 ab

309 3181 493 3248 initio
523 3182 843 3249 dumtaxat
889 3207 924 3248 a
966 3188 1181 3273 paucis
1223 3190 1509 3273 cognosci
1546 3191 1864 3278 potuerit3
1902 3216 2057 3280 qua-

308 3264 394 3331 lia
424 3284 574 3333 sunt
611 3268 844 3355 privata
891 3271 1273 3362 quandoque
1310 3274 1630 3362 prodigia,
1669 3298 1811 3363 quae
1848 3301 1885 3340 a
1913 3301 2056 3343 mu-

311 3347 571 3417 liercula
626 3354 814 3430 nimis
857 3355 1108 3424 credula
1165 3358 1375 3446 primo
1426 3357 1733 3445 divulgata
1761 3407 1785 3448 2
1827 3363 2056 3432 sensim

313 3433 382 3499 in
417 3438 637 3524 vulgus
678 3437 1014 3509 dimanant·
