2707 4611
106 80 521 349 f
542 245 621 303 12
1270 224 1625 323 Tmotatua‘

1114 472 1117 475 ,
1169 417 1701 477 concamium.

620 558 728 627 25.
761 559 963 648 Igitur
991 583 1178 628 omne
1215 561 1393 650 quod
1426 561 1629 628 existit
1664 576 1754 626 est
1827 552 1936 625 uid
1960 559 2311 648 singulare,
2355 628 2362 639 ,

537 662 600 712 et
628 647 765 713 idea
784 694 804 731 ,
830 646 992 714 illud
1027 663 1471 736 repraesentans
1504 663 1596 719 est
1618 647 1804 730 singu
1832 645 1973 711 aris.
2022 647 2126 714 Sic
2160 648 2300 712 idea

538 730 899 818 Ciceronis,
927 732 1079 798 libri
1124 756 1320 833 quem
1358 732 1649 797 manibus
1682 748 1864 798 teneo
1883 777 1906 816 ,
1944 731 2134 818 hujus
2163 733 2313 802 aedis

537 815 707 904 ficii,
748 834 866 885 etc.
892 863 917 908 7
962 834 1127 886 sunt
1149 817 1305 884 ideae
1343 815 1708 900 singulares.

1165 1002 1694 1058 coRQLLARmM.

624 1144 733 1216 24.
777 1143 916 1215 Usu
951 1166 1251 1210 sensuum
1291 1146 1715 1233 acquiruntur
1756 1143 1909 1213 ideae
1942 1143 2310 1228 singulares,

627 1276 732 1346 25.
773 1276 1117 1359 Obiectum
1157 1273 1328 1364 quod
1373 1273 1666 1372 pluribus
1697 1275 2029 1343 individuis
2067 1299 2316 1341 conve-n
2359 1275 2363 1280 ’

542 1358 679 1445 nit,
734 1366 1077 1425 commune
1120 1383 1233 1426 seu
1270 1361 1633 1424 unsversale
1676 1360 1901 1445 audit3
1948 1379 2009 1427 at
2054 1385 2135 1426 ue
2170 1361 2312 1437 idea

541 1443 710 1510 illud
764 1462 1209 1534 repraesentans
1264 1442 1649 1509 universalis
1701 1446 1953 1510 dicitur.
2074 1447 2133 1510 ic
2175 1444 2314 1510 i‘dea

541 1528 825 1595 hominis
860 1549 950 1599 est
975 1530 1371 1614 universalis3
1414 1531 1567 1615 quia
1588 1530 1667 1594 de
1699 1530 2012 1602 Cicerone
2033 1577 2058 1615 ‚
2077 1530 2156 1597 de
2178 1530 2316 1596 Cae-

542 1635 677 1683 sare
701 1662 724 1699 ‚
757 1632 874 1680 etc.
920 1615 1223 1680 affirmari
1261 1630 1461 1702 potest
1505 1613 1677 1700 quod
1709 1617 1789 1680 sit
1824 1615 2043 1681 homo.

632 1748 735 1813 26.
782 1746 1181 1812 Abstrahere
1235 1746 1510 1811 dicimur
1530 1781 1560 1829 ,ν
1612 1744 1771 1808 dum
1825 1765 2104 1813 mentem
2161 1770 2317 1814 nos-

547 1848 707 1906 tram
743 1856 779 1896 a
823 1830 1314 1898 consideratione
1356 1830 1629 1898 aliorum
1667 1831 2055 1912 objectorum
2074 1875 2095 1913 ‚
2137 1833 2234 1895 vel
2279 1857 2317 1897 a

547 1917 1071 2003 contemplatione
1099 1915 1365 1981 aliarum
1387 1915 1665 2004 partium
1690 1936 1803 1977 seu
1828 1931 2124 1977 notarum
2146 1913 2319 1997 ejus-

546 2000 692 2064 dem
738 2002 968 2085 objecti
998 2022 1363 2082 avocamus,
1410 2016 1482 2064 ut
1514 2021 1651 2063 eam
1694 1998 1763 2093 in
1811 2020 2017 2064 unum
2056 1997 2319 2085 aliquod

547 2085 859 2168 objectum
889 2130 910 2167 ‚
963 2083 1061 2151 vel
1106 2085 1172 2148 in
1224 2108 1419 2150 unam
1464 2085 1595 2166 ejus
1640 2098 1884 2184 partem
1936 2083 2062 2148 sive
2099 2099 2317 2149 notam

546 2168 840 2233 attentius
874 2170 1240 2253 dirigamus·
1280 2169 1383 2235 Sic
1404 2169 1695 2233 'hominis
1724 2191 1978 2233 mecum
2001 2167 2326 2270 loquentis

545 2251 740 2319 solam
776 2255 1195 2321 eruditionem
1224 2254 1539 2327 admirans
1562 2253 1908 2342 ²abstraho
1946 2253 2025 2319 ab
2064 2277 2194 2340 elus
2220 2254 2321 2321 di-

549 2339 817 2425 gnitate,
859 2342 1123 2429 pietate,
1164 2358 1281 2406 etc.
1578 2363 1584 2372 ’

634 2478 738 2543 27.
793 2459 940 2528 Sola
1001 2484 1218 2530 rerum
1277 2463 1680 2535 existentium
1738 2462 2269 2562 contemplatione
2294 2506 2322 2545 ‚

547 2542 763 2631 plures
798 2545 966 2610 inter-
1008 2570 1110 2612 eas
1149 2548 1593 2615 similitudines
1622 2546 2187 2634 deprehendimus,
2222 2563 2326 2612 at«

494 2673 497 2676 -
553 2654 679 2717 que
733 2653 832 2694 eas
876 2631 952 2698 ad
1003 2632 1289 2714 eamdem
1329 2631 1673 2733 quamdam,
1712 2632 1963 2698 classem
2016 2630 2320 2698 reducere

551 2736 903 2801 possumus.
974 2716 1173 2780 Porro
1240 2715 1587 2782 similitudo
1639 2738 1711 2800 ea
1755 2713 2031 2778 consistit
2055 2713 2147 2777 «in
2190 2736 2266 2778 eo
2290 2759 2315 2798 ,

537 2800 727 2885 ‘quod
777 2818 955 2865 notas
1007 2800 1306 2889 quasdam
1362 2822 1729 2871 communes
1788 2799 2103 2882 habeant:
2165 2822 2320 2866 avo-2

555 2883 752 2950 cando
808 2887 1024 2972 itaque
1066 2904 1344 2958 mentem
1382 2911 1416 2954 a
1462 2882 1982 2972 contemplatione
2026 2900 2320 2956 notarum

548 2967 822 3052 *singulis
879 2972 1285 3066 propriarum
1321 3019 1345 3058 2
1402 2972 1681 3058 solasque
1733 2987 1908 3038 notas
1958 2992 2328 3043 communes

555 3053 625 3121 in
668 3075 796 3117 una
841 3054 1112 3140 quadam
1168 3056 1304 3136 idea
1365 3056 1552 3127 nobis,
1607 3054 2103 3142 repraesentando
2126 3101 2147 3139 ‚
2200 3054 2326 3120 ob·-

554 3141 788 3222 jectum
835 3138 1008 3202 itlius
1059 3138 1211 3203 ideae
1255 3140 1375 3205 erit
1410 3158 1808 3224 aggregatum
1850 3139 2106 3204 illarum
2139 3154 2324 3203 nota-

558 3246 705 3287 rum
741 3222 1214 3306 communium,
1245 3240 1310 3288 et
1336 3224 1603 3309 proinde
1644 3226 1959 3307 objectum
1989 3223 2151 3288 illud
2174 3244 2324 3287 con·
2377 3235 2380 3240 ’

557 3309 763 3374 veniet
799 3307 1095 3373 omnibus
1132 3308 1264 3372 istis
1310 3308 1499 3374 rebus
1526 3309 1929 3375 existentibus
1966 3326 2025 3373 et
2058 3304 2331 3407 proinde

563 3390 855 3480 pluribus
896 3414 912 3459 ε
956 3392 1172 3479 itaque
1218 3394 1534 3476 objectum
1575 3394 1757 3461 istius
1796 3392 1949 3458 ideae
1985 3408 2104 3488 ent
2140 3415 2327 3471 com-2

562 3499 757 3552 mune
776 3511 802 3555 ,2
847 3494 910 3544 et
944 3475 1080 3548 idea
1120 3477 1285 3546 illud
1335 3478 1635 3546 exhibens
1674 3476 2077 3550 universale.
