2707 4611
919 348 999 411 de
1041 345 1315 437 [logicat
1396 361 1400 368 ’
1908 356 1991 444 49

291 457 468 536 650.
517 465 966 535 Ratiocinium*
999 470 1205 556 ipsum
1258 470 1686 560 undequaque
1739 472 1990 559 perfec-

254 572 379 619 tum
418 555 572 637 erit,
609 556 659 618 si
694 578 1076 641 consequens
1114 557 1465 639 legitimum
1501 557 1617 640 sit,
1651 572 1711 621 et
1744 560 1988 642 omnia,

254 664 383 727 quae
424 640 819 703 ratiocinium
862 638 1341 732 ingrediuntur,
1387 640 1615 722 iudicia
1668 665 1806 705 vera
1845 642 1993 705 fue-

215 775 216 780 *
252 727 409 806 rint,
454 748 602 802 seu,
678 742 748 788 ut
800 741 1063 805 vocant,
1119 725 1167 787 si
1204 726 1604 790 ratiocinium
1647 725 1993 790 formaliter

252 825 305 873 et
329 809 723 909 materialiter·
748 833 965 873 verum
990 810 1101 893 sit,
1129 808 1377 894 hocque
1403 808 1609 875 solum
1636 810 1990 892 legitimum

248 916 444 958 vocari
484 910 786 960 meretur.

327 1022 465 1086 151.
508 1020 729 1085 Plures
766 1036 912 1084 sunt
955 1015 1512 1101 argumentationis
1558 1017 1829 1104 species,
1868 1020 1990 1085 sci-

234 1105 413 1193 ,¹3⁰³ss
462 1106 898 1193 syllogismus,
939 1105 1335 1188 enthymema
1358 1146 1380 1187 ‚
1426 1102 1853 1191 epicherema,
1881 1106 1989 1180 di·-

175 1280 186 1290 ·
244 1189 460 1277 lemma
486 1238 508 1276 ,
546 1192 765 1256 sorites
808 1207 871 1283 et
908 1187 1209 1253 inductio.

688 1414 999 1488 CAPUT
1043 1409 1568 1483 SECUNDUM.

694 1603 804 1666 De
846 1602 1205 1693 syllogismo
1245 1602 1547 1696 simplici.

255 1822 260 1829 ·
328 1805 907 1956 15235122Hofi¹zsmu3
926 1825 1017 1872 est
1034 1807 1482 1893 argumentatio
1497 1822 1777 1874 constans
1796 1805 1999 1873 tribus

235 1908 649 1982 propositioni
698 1915 808 1975 ηε,
851 1910 920 1958 ut
959 1914 977 1960 t

392 2030 601 2098 Omne
643 2057 751 2098 ens
792 2032 1059 2122 simplex
1100 2028 1192 2099 est
1225 2030 1752 2121 incorruptibile3

392 2131 591 2216 Atqui
631 2132 837 2195 anima
875 2133 1153 2196 humana
1197 2149 1288 2197 est
1321 2156 1431 2196 ens
1469 2130 1732 2217 simplex
1762 2150 1779 2195 t

393 2224 566 2307 Ergo
602 2227 809 2289 anima
844 2227 1118 2290 humana
1155 2244 1244 2288 est
1277 2224 1814 2316 incorruptibilis..
1852 2222 1859 2226 “

273 2360 285 2365 ”
322 2359 571 2425 Dicitur
609 2361 926 2446 simplex,
970 2362 1126 2425 dum
1168 2358 1299 2443 ejus
1352 2362 1806 2447 propositiones
1855 2376 1998 2429 sunt

234 2443 551 2544 simplices
594 2466 609 2510 :
655 2445 1042 2531 compositus
1080 2466 1268 2525 vero,
1320 2436 1475 2508 dum
1520 2469 1642 2509 una
1684 2450 1810 2531 ejus
1840 2470 2000 2533 pro-

232 2531 463 2616 positio
519 2547 605 2594 est
647 2530 1007 2618 composita.
1056 2529 1130 2593 In
1181 2529 1302 2593 hoc
1351 2530 1555 2616 capite
1601 2530 1678 2595 de
1730 2530 1999 2621 simplici.

231 2632 482 2680 tantum
520 2638 792 2698 agemus.

326 2727 468 2793 155.
512 2727 818 2791 Humanae
858 2727 1079 2792 mentis
1115 2726 1486 2792 limitatione
1528 2725 1772 2791 evenire
1803 2723 1998 2807 solet,

232 2822 312 2876 ut
366 2812 492 2875 sola
553 2811 824 2875 duarum
879 2812 1163 2875 idearum
1209 2813 1376 2876 inter
1423 2834 1487 2875 se
1540 2808 1999 2897 comparatione

232 2917 460 2960 earum
495 2894 799 2959 habitudo
839 2896 1101 2959 minime
1146 2895 1386 2959 eluceat
1428 2917 1444 2960 ε
1491 2894 1665 2981 quod
1705 2896 1757 2958 si
1788 2911 2000 2960 tamen

234 2978 328 3045 eae
354 3002 501 3043 cum
533 2979 706 3042 tertia
733 2981 1001 3066 quadam
1029 2979 1468 3044 convenienter
1489 2997 1797 3068 assumpta
1822 3000 1998 3047 com-

284 3080 579 3146 arentur,
623 3079 772 3126 tunc
815 3086 890 3126 ex
939 3086 1013 3125 eo
1063 3087 1257 3150 quem
1299 3063 1378 3128 ad
1423 3058 1599 3129 illam
1647 3081 1999 3152 respectum
2072 3110 2087 3127 .

230 3088 514 3231 Eabent5
556 3170 786 3223 earum>
811 3148 1044 3233 pariter
1097 3147 1396 3213 habitudo
1448 3172 1578 3211 non
1619 3172 1762 3212 raro
1800 3147 1998 3227 menti

236 3233 498 3298 relucet.
554 3231 691 3296 Hoc
754 3232 825 3294 in
882 3231 1240 3318 syllogismo
1297 3232 1566 3318 simplici
1625 3232 1996 3320 praestatur3

239 3316 479 3382 scilicet
497 3346 527 3399 ,·
542 3315 783 3400 singula
819 3340 894 3380 ex
922 3318 1115 3396 ideis,
1156 3315 1233 3379 de
1270 3340 1542 3402 quarum
1575 3317 1999 3382 convenientia

236 3400 345 3467 vel
367 3401 883 3469 disconvenientia
906 3400 1209 3489 quaeritur
1227 3447 1249 3474 ,
1282 3402 1473 3466 semel
1509 3402 1578 3464 in
1601 3401 1998 3467 antecedente

236 3487 402 3551 cum*
460 3486 646 3550 tertia·
698 3484 963 3574 quadam
1020 3500 1411 3572 comparatur
1440 3532 1460 3569 ‚
1521 3483 1694 3572 quod
1730 3485 1997 3550 duabus

235 3569 662 3637 antecedentis
711 3571 1259 3659 propositionibus·
1286 3572 1611 3659 peragitur
1669 3591 1686 3636 ε
1740 3586 1892 3639 ,ῑιιιιι
1914 3568 2000 3628 'in

1554 3651 1752 3738 Da¹
