2707 4611
671 188 793 256 128
829 235 838 247 -
1368 183 1708 251 Tmctatus

748 308 936 395 Resp.
972 319 1060 373 ιθ
1122 304 1190 371 si
1234 323 1677 387 argumentum
1733 301 2173 386 concluderet,
2223 305 2389 372 etiam

664 409 868 479 posset
891 390 1013 455 dici
1054 412 1181 455 non
1212 411 1428 454 omnes
1464 388 1656 453 lineas
1692 406 1883 454 rectas
1907 410 2037 451 esse
2059 410 2237 474 oeque
2269 414 2396 457 rec-

662 490 752 539 tu
771 520 794 556 ,
831 498 907 540 ex
928 497 1002 539 eo
1024 471 1195 561 quod
1220 495 1347 536 non
1372 496 1586 537 omnes
1602 495 1803 537 curvae
1824 472 1947 536 sint
1966 495 2392 561 aequetcurvaei

668 559 823 644 quia
868 581 998 623 non
1032 557 1240 622 minus
1284 557 1589 623 rectitudo
1612 556 2160 622 distatacurvitate
2179 604 2203 642 ‚
2225 582 2399 646 quam

667 642 928 711 curvitas
958 666 991 705 a
1031 638 1424 706 rectitudine.

750 748 828 813 R.
856 759 945 812 2.⁰
976 746 1053 811 N.
1078 744 1154 810 C.
1181 742 1362 808 Ratio
1402 760 1491 808 est
1512 787 1532 826 ,
1576 745 1744 831 quod
1779 743 1998 807 veritas
2029 745 2107 808 sit
2143 744 2400 811 indivisi-

667 830 813 897 bilis
854 848 915 896 et
950 830 1126 919 quasi
1179 844 1466 891 centrum
1510 824 1765 915 aliquod
1784 875 1805 911 ‚
1846 850 1880 890 a
1927 849 2053 914 quo
2090 828 2240 894 dum
2274 831 2401 917 plus

665 915 950 981 minusve
999 911 1346 995 receditur,
1385 913 1581 994 major
1624 911 1717 976 vel
1763 912 1969 976 minor
2012 909 2230 977 falsitas
2278 917 2404 979 ori-

666 1016 811 1065 tur:
851 998 1045 1080 igitur
1069 995 1296 1060 falsitas
1342 1011 1431 1059 est
1467 995 1723 1081 quidem
1760 1018 2030 1060 recessus
2058 1018 2089 1057 a
2122 998 2401 1080 veritate,

666 1082 772 1149 sed
807 1082 1022 1146 veritas
1055 1079 1180 1144 dici
1228 1079 1449 1165 nequit
1490 1102 1761 1147 recessus
1811 1104 1843 1142 a
1879 1078 2171 1164 salsitate3
2232 1082 2404 1165 sicuti

656 1165 979 1237 curvitasa
996 1162 1409 1239 rectitudine,
1431 1185 1558 1228 non
1575 1186 1718 1229 vero
1744 1163 2099 1229 'rectitudoa
2126 1166 2406 1234 curvitate
2447 1186 2452 1189 ’

669 1249 927 1330 recedit.
1369 1319 1378 1328 ,

579 1472 586 1480 ⁶
678 1469 684 1476 .
1164 1378 1480 1451 THESIS
1527 1381 1929 1471 QUARTA.

670 1512 891 1591 Nulla⁴
917 1509 1267 1600 pmpositio
1285 1523 1504 1597 potest
1539 1512 1617 1577 de
1647 1537 1801 1611 vera
1836 1516 2116 1580 transire
2160 1516 2232 1581 in
2262 1510 2399 1604 fal-'

1190 1617 1368 1669 sam,
1420 1620 1542 1660 nec
1587 1598 1887 1662 viswim.

754 1714 981 1780 Sensus
1016 1729 1102 1777 est
1122 1759 1143 1794 ‚
1206 1712 1379 1798 quod
1418 1714 1594 1780 nulla
1632 1717 1971 1804 propositio
1998 1719 2204 1805 quoad·
2236 1716 2418 1803 signi-

670 1798 1020 1866 ficationem
1058 1796 1271 1860 eadem
1298 1820 1559 1864 manens
1587 1847 1607 1882 ‚
1639 1805 1826 1900 possit
1849 1826 1978 1867 uno
1997 1820 2272 1889 tempore
2292 1826 2415 1866 esse

672 1906 817 1949 vera
864 1898 924 1946 et
969 1880 1162 1954 altero
1200 1879 1698 1967 sabaz-quaestio
1728 1886 1989 1966 proinde
2026 1909 2151 1948 non
2199 1903 2285 1948 est
2333 1885 2410 1945 de

672 1966 1095 2055 propositione
1128 1966 1467 2031 necessaria
1496 2014 1517 2049 ‚
1555 1989 1688 2050 quae
1724 1966 1809 2027 sic
1846 1981 1931 2027 est
1978 1988 2114 2028 vera
2157 1983 2231 2031 ut
2284 1990 2418 2031 non

814 2050 867 2114 it
902 2071 1027 2114 esse
1067 2048 1261 2135 falsa3
1298 2074 1379 2114 ne
1427 2074 1505 2113 ue
1546 2049 1622 2111 de
1663 2048 2082 2133 propositione
2124 2049 2423 2136 impossiss

670 2072 834 2217 m,
885 2155 1027 2233 quae
1080 2137 1167 2197 sic
1209 2151 1301 2198 est
1347 2133 1405 2197 sa
1435 2156 1498 2197 sa
1540 2149 1615 2197 ut
1654 2157 1784 2195 non
1834 2134 2020 2218 'possit
2056 2157 2189 2198 esse
2232 2157 2373 2200 vera
2402 2152 2428 2201 τ’

672 2233 802 2283 tota
840 2216 1035 2301 igitur
1075 2216 1405 2283 difficultas
1438 2234 1716 2283 versatur
1754 2216 1914 2282 circa
1942 2220 2426 2307 propositionem

672 2302 1173 2387 contingentem,
1212 2300 1292 2366 de
1329 2327 1482 2391 qua.

757 2406 1107 2479 Demonstr.
1133 2405 1338 2484 thesis9
1391 2405 1483 2468 Ut
1522 2407 1863 2490 propositio
1922 2409 2286 2490 contingens
2344 2397 2426 2470 sit

674 2509 857 2573 vem,
896 2488 1079 2553 debet
1127 2503 1322 2554 totum
1361 2487 1535 2571 quod
1575 2491 1788 2552 asserit
1827 2514 1863 2552 a
1908 2508 2083 2573 parte
2121 2493 2214 2554 rei
2256 2491 2456 2562 suh-·

674 2574 890 2640 sistere
989 2597 1031 2639 o
1065 2589 1340 2660 tempore
1375 2572 1708 2653 importato
1745 2594 1858 2654 per
1889 2574 2420 2656 propositionem3

676 2659 851 2745 utqui
890 2597 1045 2723 (Em
1079 2652 1421 2757 propositio
1447 2668 1656 2717 manet
1692 2652 1903 2715 eadem
1923 2698 1945 2733 ‚
1991 2657 2189 2717 totum
2245 2652 2428 2737 quod

673 2743 887 2810 asserit
922 2742 1262 2832 propositio
1297 2760 1437 2803 vera
1466 2760 1504 2800 a
1526 2752 1697 2822 parte
1723 2736 1814 2799 rei
1831 2735 2103 2801 subsistit
2123 2760 2239 2822 pro
2258 2751 2436 2799 tem-

678 2851 833 2913 pore
842 2850 964 2928 per
992 2824 1481 2915 propositionem
1511 2822 1882 2909 importato:
1912 2843 2060 2904 ergo
2089 2820 2246 2885 dum
2265 2841 2443 2907 pro-

679 2912 904 2995 posiuo
953 2927 1162 2975 manet
1199 2909 1417 2974 eadem
1437 2954 1459 2992 ,
1502 2904 1673 2971 idem
1711 2906 1956 2991 praecise
2002 2922 2246 2991 tempus
2297 2904 2438 2982 im,-

666 3009 886 3081 *portat
908 3038 930 3077 ,
959 3012 1022 3059 et
1049 2992 1270 3057 eodem
1313 3009 1597 3079 tempore
1639 2989 1809 3053 idem
1843 2988 2023 3075 plane
2066 2990 2300 3055 asserit.

1357 3127 1674 3192 ommno
1729 3127 1774 3183 ι,

753 3228 1108 3317 Propositio
1152 3246 1294 3314 quae
1319 3248 1452 3291 uno
1495 3241 1777 3309 tempore
1820 3248 1962 3288 vera
1981 3240 2101 3302 est,
2139 3220 2458 3295 et‘aitero

684 3308 832 3378 falsa
857 3355 878 3388 ‚
899 3314 978 3377 de
1009 3336 1153 3379 vera
1187 3309 1406 3372 transit
1438 3310 1507 3373 in
1553 3307 1769 3371 falsam
1801 3331 1822 3392 3
1850 3326 1910 3373 at
1955 3307 2023 3371 ui
2063 3308 2248 3373 datur
2321 3330 2462 3372 ros-

685 3391 911 3483 positio
944 3417 1100 3474 quse·
1124 3414 1297 3458 nunc
1335 3414 1479 3456 vera
1509 3408 1639 3476 est,
1666 3413 1835 3457 nunc
1865 3391 1926 3454 fa
1950 3411 2052 3457 sa:
2086 3414 2233 3475 ergo
2296 3407 2467 3460 atur

685 3474 1032 3568 propositio
1065 3500 1206 3563 quae
1249 3475 1326 3540 de
1371 3497 1514 3541 vera
1545 3474 1761 3539 transit
1806 3475 1875 3540 iu
1895 3472 2146 3556 falsam·-
2410 3502 2424 3510 ·
