2707 4611
964 178 1366 265 de·Logica.
1800 229 1804 233 -
1976 190 2061 273 95
2183 257 2188 263 ,

304 323 529 373 nostrae
574 300 891 387 religionis
931 300 1238 389 mysteriis
1267 301 1891 387 ‘trium'primorum
1935 326 2055 387 sae-

306 391 601 456 culorum
645 389 856 473 Patres
895 402 1026 449 non
1063 402 1188 449 tam
1225 384 1422 450 multa
1438 432 1460 461 ,
1497 400 1760 472 tamque
1784 387 2061 467 minuta-

308 475 424 540 tim
459 498 531 540 ac
582 472 865 538 accurate
920 470 1166 555 scriptis
1207 471 1735 556 consignaverint3
1776 466 2064 557 discipli-

308 582 459 624 nam
501 554 728 644 nempe
766 555 1012 636 arcani,
1055 577 1243 642 quam
1283 557 1451 619 inter
1485 556 1722 641 primos
1758 554 2062 621 Christian

310 662 426 708 nos
454 644 714 729 viguisse
750 665 825 705 ex
870 638 1135 722 Origine
1154 685 1178 714 ,
1220 637 1656 717 Tertulliano,
1696 638 1957 729 aliisque
1981 641 2063 709 il-

308 727 522 797 lorum
544 743 919 812 'temporum
957 722 1365 810 scriptoribus
1410 723 1835 808 intelligimus,
2081 756 2082 761 ¹

393 846 485 912 4⁰.
523 845 806 911 Tandem
853 859 1295 928 argumentum
1345 841 1467 907 hoc
1514 841 1728 908 locum
1772 866 1901 908 non
1944 845 2062 910 ha-

312 934 453 1014 bet,
507 955 655 996 cum
717 930 878 994 alliis
925 926 1193 1015 quidem
1240 928 1456 991 coaevis
1505 929 1844 994 tacentibus
1871 976 1892 1012 ,
1950 929 2061 995 alii

230 1086 239 1092 ,
309 1033 445 1082 rem
475 1033 804 1081 enarrant:
842 1031 976 1079 tum
1005 1011 1314 1100 siquidem
1348 1011 1560 1077 locum
1598 1013 1786 1077 habet
1815 1032 2063 1102 recepta
2163 1050 2169 1058 ·

303 1101 475 1188 apud
512 1102 761 1166 criticos
797 1098 1053 1181 regula:
1099 1094 1232 1178 Qui
1257 1095 1508 1182 aliquid
1541 1107 1738 1183 lacet,
1774 1098 2068 1187 idprop-

306 1198 484 1251 terea
523 1207 660 1247 non
699 1194 918 1271 negat.
962 1180 1034 1244 Id
1087 1204 1165 1244 ue
1220 1178 1370 1246 licet
1406 1185 1590 1248 coaevi
1632 1184 1833 1249 caeteri
1873 1185 1950 1249 iis
1987 1186 2088 1250 ini

307 1270 465 1334 locis
507 1267 770 1348 sileant,
818 1267 928 1330 ubi
979 1265 1056 1329 de
1105 1266 1334 1330 uissent
1381 1265 1618 1333 factum
1671 1264 1832 1332 illud
1875 1292 2067 1333 enar-

310 1376 452 1416 rare
470 1398 494 1426 ,‚
550 1369 658 1415 aut
713 1369 879 1416 certo
923 1353 1054 1432 ejus
1095 1352 1624 1415 commemorandi
1680 1350 2065 1428 occasionem
2150 1375 2163 1391 ·

309 1436 712 1520 habuissent3
740 1437 950 1523 potius
978 1434 1151 1498 enim
1191 1434 1624 1502 aestimandum
1664 1450 1786 1517 est,
1815 1434 1929 1497 hos
1957 1451 2070 1501 aut

311 1521 547 1585 factum
588 1519 751 1585 illud
793 1521 1103 1602 ignorasse
1128 1567 1150 1595 ,
1197 1535 1304 1583 aut
1353 1542 1428 1583 ex
1470 1518 1713 1585 incuria
1750 1518 2023 1585 omisisse
2047 1565 2066 1591 ,

311 1622 421 1668 aut
455 1602 636 1668 aliter
672 1619 886 1666 contra
933 1604 1202 1666 historiae
1247 1602 1491 1686 regulas
1534 1625 1847 1691 peccasse,
1877 1624 2070 1690 quam

315 1706 637 1754 narrantes
673 1686 983 1752 mendacii
1021 1689 1328 1755 incusare.
1936 1699 1943 1703 '

395 1810 540 1895 259.
585 1805 755 1873 Dum
797 1809 980 1873 datur
1018 1809 1515 1875 testimoniorum
1551 1807 1881 1875 conflictus
1906 1857 1928 1885 ,
1956 1832 2069 1877 cu-

306 1891 561 1976 juslibet
619 1894 782 1958 testis
831 1894 1160 1958 auctoritas
1206 1895 1591 1981 expendatur
1628 1895 1803 1978 juxta
1825 1916 1895 1960 ea
1927 1917 2069 1984 quae

307 1993 445 2043 tum
467 1976 573 2043 hic
595 2025 618 2054 ,
642 1996 781 2044 tum
817 1978 1019 2066 capite
1059 1978 1120 2042 5.
1161 1978 1324 2044 dicta
1362 1996 1527 2044 sunt.

385 2099 519 2158 260.·
560 2102 869 2161 Senouon.
911 2104 1054 2162 Cum
1097 2107 1421 2165 auctoribus
1453 2105 1731 2164 librorum
1760 2102 2071 2185 Evangeli-

313 2193 503 2231 corum
537 2188 632 2233 aut
653 2179 1006 2237 veridicendi
1035 2181 1390 2238 voluntatem
1409 2223 1425 2250 ,
1456 2193 1552 2237 aut
1591 2184 1865 2243 factorum
1886 2223 1905 2253 ,
1943 2200 2066 2258 quae

313 2261 648 2321 narrantur,
683 2252 941 2310 notitiam
971 2253 1209 2311 defuisse
1235 2255 1541 2330 prudenter
1571 2255 1844 2328 suspicari
1859 2277 1972 2315 non
1988 2256 2069 2315 li-

315 2338 434 2385 ceat
444 2367 465 2394 ,
488 2325 552 2383 hi
574 2325 736 2399 libri,
759 2338 999 2401 spectata
1019 2325 1184 2382 etiam
1205 2329 1319 2382 sola
1335 2326 1548 2383 ratione
1566 2330 1810 2386 naturali
1828 2375 1847 2402 ,
1872 2333 2068 2406 fidem,

310 2422 434 2480 quae
463 2401 526 2460 in
555 2404 723 2460 rebus
742 2399 1004 2464 humanis
1040 2399 1164 2457 dari
1191 2411 1401 2474 potest,
1434 2402 1728 2463 maximam
1749 2420 2069 2482 merentur,

310 2493 478 2557 atque
495 2479 766 2538 rationem
796 2476 1014 2536 exuisse
1060 2476 1324 2535 censendi
1358 2489 1507 2550 sunt,
1551 2480 1687 2554 qui,
1732 2484 1922 2542 nescio
1955 2503 2069 2569 quo

312 2558 459 2615 malo
497 2556 661 2633 genio
695 2566 793 2613 aut
838 2552 1187 2630 scepticismo
1237 2553 1382 2627 acti,
1433 2554 1600 2613 fidem
1644 2575 1810 2631 quam
1854 2558 2021 2614 Livio
2047 2599 2066 2629 ,

310 2633 508 2690 Curtio
546 2631 782 2707 aliisque
813 2629 975 2706 longe
1018 2629 1304 2689 inferioris
1346 2642 1490 2688 notae
1528 2630 1895 2705 scriptoribus
1923 2631 2071 2690 libe-

312 2710 581 2769 ralissime
616 2708 880 2767 tribuunt
904 2735 942 2780 ,·
968 2706 1165 2765 iisdem
1206 2707 1570 2781 pertinaciter
1613 2708 1906 2781 denegant.

799 2865 1109 2939 CAPUT
1153 2864 1612 2937 DECIMUM.

393 3016 506 3084 De
546 3015 841 3081 methodo
891 3014 1302 3116 invenieqdcq
1337 3030 1402 3081 et
1438 3017 2003 3084 communicandae

1045 3112 1352 3167 ventam.
1517 3123 1522 3132 ’
1597 3122 1604 3134 ’

397 3239 540 3305 261.
592 3241 711 3305 Per
772 3227 1143 3318 methodum
1199 3239 1571 3325 intelligitur
1617 3240 1837 3313 modus
1878 3240 2058 3304 ordi-

314 3339 488 3389 natus
528 3321 793 3390 veritatis
835 3342 972 3390 tum
1004 3325 1430 3413 inveniendae,
1465 3345 1603 3393 tum
1636 3325 1774 3392 aliis
1808 3348 1917 3391 ore
1951 3322 2056 3391 vei

1461 3609 1516 3632 ''i-u

1388 3637 1403 3648 ⁴
1505 3637 1510 3642 .

201 3475 209 3486 ,
308 3403 549 3494 scripto*
557 3397 1119 3478 communicandae.

190 3512 203 3536 .
