<?xml version="1.0" encoding="UTF-8"?>
<!DOCTYPE html PUBLIC "-//W3C//DTD XHTML 1.0 Transitional//EN"
    "http://www.w3.org/TR/xhtml1/DTD/xhtml1-transitional.dtd">
<html xmlns="http://www.w3.org/1999/xhtml" xml:lang="en" lang="en">
 <head>
  <title>
</title>
<meta http-equiv="Content-Type" content="text/html;charset=utf-8" />
  <meta name='ocr-system' content='tesseract 3.04.00' />
  <meta name='ocr-capabilities' content='ocr_page ocr_carea ocr_par ocr_line ocrx_word'/>
</head>
<body>
  <div class='ocr_page' id='page_1' title='image "./tractatusdelogi00unkngoog_0056.png"; bbox 0 0 2707 4611; ppageno 0'>
   <div class='ocr_carea' id='block_1_1' title="bbox 578 156 2353 787">
    <p class='ocr_par' dir='ltr' id='par_1_1' title="bbox 578 156 1674 249">
     <span class='ocr_line' id='line_1_1' title="bbox 578 156 1674 249; baseline -0.016 -9"><span class='ocrx_word' id='word_1_1' title='bbox 578 173 663 249; x_wconf 79' lang='lat'><strong>48</strong></span> <span class='ocrx_word' id='word_1_2' title='bbox 1267 156 1611 247; x_wconf 56' lang='lat' dir='ltr'><strong>Tractatw</strong></span> <span class='ocrx_word' id='word_1_3' title='bbox 1673 194 1674 197; x_wconf 34' lang='lat'>¹</span> 
     </span>
    </p>

    <p class='ocr_par' dir='ltr' id='par_1_2' title="bbox 583 259 2353 787">
     <span class='ocr_line' id='line_1_2' title="bbox 583 259 2347 367; baseline -0.015 -15"><span class='ocrx_word' id='word_1_4' title='bbox 583 288 853 365; x_wconf 77' lang='lat' dir='ltr'><strong>tinetur‚</strong></span> <span class='ocrx_word' id='word_1_5' title='bbox 891 275 1064 367; x_wconf 85' lang='lat' dir='ltr'><strong>quod</strong></span> <span class='ocrx_word' id='word_1_6' title='bbox 1090 273 1353 339; x_wconf 85' lang='lat' dir='ltr'><strong>unicum</strong></span> <span class='ocrx_word' id='word_1_7' title='bbox 1384 287 1472 334; x_wconf 83' lang='lat' dir='ltr'><strong>est</strong></span> <span class='ocrx_word' id='word_1_8' title='bbox 1491 262 1867 348; x_wconf 81' lang='lat' dir='ltr'><strong>legitimum.</strong></span> <span class='ocrx_word' id='word_1_9' title='bbox 1905 259 2347 329; x_wconf 75' lang='lat' dir='ltr'><strong>Materialiter</strong></span> 
     </span>
     <span class='ocr_line' id='line_1_3' title="bbox 583 349 2345 439; baseline -0.014 -4"><span class='ocrx_word' id='word_1_10' title='bbox 583 368 829 436; x_wconf 61' lang='lat' dir='ltr'><strong>tantam</strong></span> <span class='ocrx_word' id='word_1_11' title='bbox 866 384 1088 429; x_wconf 84' lang='lat' dir='ltr'><strong>verum</strong></span> <span class='ocrx_word' id='word_1_12' title='bbox 1134 374 1260 439; x_wconf 87' lang='lat' dir='ltr'><strong>est,</strong></span> <span class='ocrx_word' id='word_1_13' title='bbox 1304 356 1458 419; x_wconf 91' lang='lat' dir='ltr'><strong>dum</strong></span> <span class='ocrx_word' id='word_1_14' title='bbox 1498 349 1745 437; x_wconf 73' lang='lat' dir='ltr'><strong>praecise</strong></span> <span class='ocrx_word' id='word_1_15' title='bbox 1782 349 1852 413; x_wconf 88' lang='lat' dir='ltr'><strong>in</strong></span> <span class='ocrx_word' id='word_1_16' title='bbox 1892 371 1958 413; x_wconf 90' lang='lat' dir='ltr'><strong>se</strong></span> <span class='ocrx_word' id='word_1_17' title='bbox 2000 363 2345 436; x_wconf 85' lang='lat' dir='ltr'><strong>spectatum</strong></span> 
     </span>
     <span class='ocr_line' id='line_1_4' title="bbox 587 432 2350 537; baseline -0.015 -17"><span class='ocrx_word' id='word_1_18' title='bbox 587 471 659 520; x_wconf 89' lang='lat' dir='ltr'><strong>ut</strong></span> <span class='ocrx_word' id='word_1_19' title='bbox 699 440 958 537; x_wconf 80' lang='lat' dir='ltr'>aliquod</span> <span class='ocrx_word' id='word_1_20' title='bbox 1000 443 1301 527; x_wconf 82' lang='lat' dir='ltr'><strong>judicium</strong></span> <span class='ocrx_word' id='word_1_21' title='bbox 1335 461 1559 502; x_wconf 83' lang='lat' dir='ltr'><strong>verum</strong></span> <span class='ocrx_word' id='word_1_22' title='bbox 1594 451 1718 518; x_wconf 87' lang='lat' dir='ltr'><strong>est,</strong></span> <span class='ocrx_word' id='word_1_23' title='bbox 1755 432 1861 496; x_wconf 88' lang='lat' dir='ltr'><strong>sed</strong></span> <span class='ocrx_word' id='word_1_24' title='bbox 1896 449 2107 498; x_wconf 87' lang='lat' dir='ltr'><strong>tamen</strong></span> <span class='ocrx_word' id='word_1_25' title='bbox 2144 456 2219 500; x_wconf 82' lang='lat' dir='ltr'><strong>ex</strong></span> <span class='ocrx_word' id='word_1_26' title='bbox 2240 455 2350 494; x_wconf 85' lang='lat' dir='ltr'><strong>an-</strong></span> 
     </span>
     <span class='ocr_line' id='line_1_5' title="bbox 588 517 2353 614; baseline -0.014 -10"><span class='ocrx_word' id='word_1_27' title='bbox 588 535 904 605; x_wconf 84' lang='lat' dir='ltr'><strong>tecedente</strong></span> <span class='ocrx_word' id='word_1_28' title='bbox 950 553 1077 594; x_wconf 89' lang='lat' dir='ltr'><strong>non</strong></span> <span class='ocrx_word' id='word_1_29' title='bbox 1132 523 1421 614; x_wconf 79' lang='lat' dir='ltr'><strong>profluit.</strong></span> <span class='ocrx_word' id='word_1_30' title='bbox 1491 521 1598 586; x_wconf 84' lang='lat' dir='ltr'><strong>Sic</strong></span> <span class='ocrx_word' id='word_1_31' title='bbox 1654 517 2057 584; x_wconf 76' lang='lat' dir='ltr'><strong>materialiter</strong></span> <span class='ocrx_word' id='word_1_32' title='bbox 2108 517 2353 583; x_wconf 66' lang='lat' dir='ltr'><strong>tantiam</strong></span> 
     </span>
     <span class='ocr_line' id='line_1_6' title="bbox 593 602 2351 697; baseline -0.015 -9"><span class='ocrx_word' id='word_1_33' title='bbox 593 644 813 697; x_wconf 78' lang='lat' dir='ltr'><strong>verum</strong></span> <span class='ocrx_word' id='word_1_34' title='bbox 845 634 933 682; x_wconf 87' lang='lat' dir='ltr'><strong>est</strong></span> <span class='ocrx_word' id='word_1_35' title='bbox 961 637 1142 678; x_wconf 80' lang='lat' dir='ltr'><strong>conse</strong></span> <span class='ocrx_word' id='word_1_36' title='bbox 1192 631 1344 674; x_wconf 86' lang='lat' dir='ltr'><strong>uens</strong></span> <span class='ocrx_word' id='word_1_37' title='bbox 1383 608 1575 686; x_wconf 71' lang='lat' dir='ltr'><strong>hujus</strong></span> <span class='ocrx_word' id='word_1_38' title='bbox 1607 602 1952 672; x_wconf 76' lang='lat' dir='ltr'>ratiocinii:</span> <span class='ocrx_word' id='word_1_39' title='bbox 1993 602 2235 668; x_wconf 77' lang='lat' dir='ltr'><strong>Petrus</strong></span> <span class='ocrx_word' id='word_1_40' title='bbox 2259 612 2351 664; x_wconf 78' lang='lat' dir='ltr'><strong>est</strong></span> 
     </span>
     <span class='ocr_line' id='line_1_7' title="bbox 593 690 1758 787; baseline -0.019 -14"><span class='ocrx_word' id='word_1_41' title='bbox 593 703 848 773; x_wconf 82' lang='lat' dir='ltr'><strong>animal</strong></span> <span class='ocrx_word' id='word_1_42' title='bbox 861 728 885 782; x_wconf 86' lang='lat'><strong>,-</strong></span> <span class='ocrx_word' id='word_1_43' title='bbox 928 720 1079 787; x_wconf 83' lang='lat' dir='ltr'><strong>ergo</strong></span> <span class='ocrx_word' id='word_1_44' title='bbox 1197 705 1370 758; x_wconf 71' lang='lat' dir='ltr'><strong>etrus</strong></span> <span class='ocrx_word' id='word_1_45' title='bbox 1407 700 1503 753; x_wconf 77' lang='lat' dir='ltr'><strong>est</strong></span> <span class='ocrx_word' id='word_1_46' title='bbox 1548 690 1758 753; x_wconf 77' lang='lat' dir='ltr'><em>homo-</em></span> 
     </span>
    </p>
   </div>
   <div class='ocr_carea' id='block_1_2' title="bbox 586 805 2360 1318">
    <p class='ocr_par' dir='ltr' id='par_1_3' title="bbox 586 805 2360 1318">
     <span class='ocr_line' id='line_1_8' title="bbox 690 805 2357 908; baseline -0.011 -21"><span class='ocrx_word' id='word_1_47' title='bbox 690 822 829 908; x_wconf 85' lang='lat'>147.</span> <span class='ocrx_word' id='word_1_48' title='bbox 859 817 1028 883; x_wconf 57' lang='lat' dir='ltr'><strong>Ciam</strong></span> <span class='ocrx_word' id='word_1_49' title='bbox 1055 833 1440 899; x_wconf 85' lang='lat' dir='ltr'><strong>consequens</strong></span> <span class='ocrx_word' id='word_1_50' title='bbox 1475 807 1829 891; x_wconf 84' lang='lat' dir='ltr'><strong>legitimum</strong></span> <span class='ocrx_word' id='word_1_51' title='bbox 1856 805 1924 868; x_wconf 86' lang='lat' dir='ltr'><strong>in</strong></span> <span class='ocrx_word' id='word_1_52' title='bbox 1960 805 2357 870; x_wconf 82' lang='lat' dir='ltr'><strong>antecedente</strong></span> 
     </span>
     <span class='ocr_line' id='line_1_9' title="bbox 601 889 2358 985; baseline -0.011 -13"><span class='ocrx_word' id='word_1_53' title='bbox 601 908 995 973; x_wconf 84' lang='lat' dir='ltr'><strong>contineatur</strong></span> <span class='ocrx_word' id='word_1_54' title='bbox 1020 947 1041 983; x_wconf 91' lang='lat'>‚</span> <span class='ocrx_word' id='word_1_55' title='bbox 1086 899 1359 985; x_wconf 66' lang='lat' dir='ltr'><strong>cixmque</strong></span> <span class='ocrx_word' id='word_1_56' title='bbox 1416 916 1634 959; x_wconf 85' lang='lat' dir='ltr'><strong>verum</strong></span> <span class='ocrx_word' id='word_1_57' title='bbox 1688 913 1819 954; x_wconf 89' lang='lat' dir='ltr'><strong>non</strong></span> <span class='ocrx_word' id='word_1_58' title='bbox 1877 889 2186 954; x_wconf 86' lang='lat' dir='ltr'><strong>contineat</strong></span> <span class='ocrx_word' id='word_1_59' title='bbox 2233 891 2358 953; x_wconf 86' lang='lat' dir='ltr'><strong>nisi</strong></span> 
     </span>
     <span class='ocr_line' id='line_1_10' title="bbox 598 975 2358 1070; baseline -0.007 -18"><span class='ocrx_word' id='word_1_60' title='bbox 598 1012 860 1070; x_wconf 83' lang='lat' dir='ltr'><strong>verum3</strong></span> <span class='ocrx_word' id='word_1_61' title='bbox 910 982 1133 1046; x_wconf 77' lang='lat' dir='ltr'><strong>falsum</strong></span> <span class='ocrx_word' id='word_1_62' title='bbox 1182 998 1398 1044; x_wconf 85' lang='lat' dir='ltr'><strong>autem</strong></span> <span class='ocrx_word' id='word_1_63' title='bbox 1440 977 1755 1043; x_wconf 85' lang='lat' dir='ltr'><strong>continere</strong></span> <span class='ocrx_word' id='word_1_64' title='bbox 1795 975 1986 1062; x_wconf 78' lang='lat' dir='ltr'><strong>possit</strong></span> <span class='ocrx_word' id='word_1_65' title='bbox 2033 997 2253 1038; x_wconf 86' lang='lat' dir='ltr'><strong>verum</strong></span> <span class='ocrx_word' id='word_1_66' title='bbox 2297 991 2358 1039; x_wconf 82' lang='lat' dir='ltr'><strong>et</strong></span> 
     </span>
     <span class='ocr_line' id='line_1_11' title="bbox 603 1062 2360 1151; baseline -0.007 -16"><span class='ocrx_word' id='word_1_67' title='bbox 603 1072 831 1137; x_wconf 88' lang='lat' dir='ltr'><strong>falsum</strong></span> <span class='ocrx_word' id='word_1_68' title='bbox 849 1112 870 1151; x_wconf 92' lang='lat'>,</span> <span class='ocrx_word' id='word_1_69' title='bbox 900 1082 1135 1151; x_wconf 85' lang='lat' dir='ltr'><strong>sponte·</strong></span> <span class='ocrx_word' id='word_1_70' title='bbox 1159 1062 1370 1128; x_wconf 89' lang='lat' dir='ltr'><strong>fluunt</strong></span> <span class='ocrx_word' id='word_1_71' title='bbox 1399 1077 1722 1149; x_wconf 86' lang='lat' dir='ltr'><strong>sequentes</strong></span> <span class='ocrx_word' id='word_1_72' title='bbox 1746 1082 2011 1125; x_wconf 84' lang='lat' dir='ltr'><strong>canones</strong></span> <span class='ocrx_word' id='word_1_73' title='bbox 2031 1104 2050 1142; x_wconf 88' lang='lat'>‚</span> <span class='ocrx_word' id='word_1_74' title='bbox 2078 1079 2360 1147; x_wconf 85' lang='lat' dir='ltr'><strong>quorum</strong></span> 
     </span>
     <span class='ocr_line' id='line_1_12' title="bbox 586 1144 2356 1236; baseline -0.006 -16"><span class='ocrx_word' id='word_1_75' title='bbox 586 1174 731 1220; x_wconf 72' lang='lat' dir='ltr'><strong>tam</strong></span> <span class='ocrx_word' id='word_1_76' title='bbox 775 1153 843 1215; x_wconf 89' lang='lat' dir='ltr'><strong>in</strong></span> <span class='ocrx_word' id='word_1_77' title='bbox 888 1148 1265 1236; x_wconf 80' lang='lat' dir='ltr'><strong>inquirenda</strong></span> <span class='ocrx_word' id='word_1_78' title='bbox 1312 1148 1564 1212; x_wconf 82' lang='lat' dir='ltr'><strong>veritate</strong></span> <span class='ocrx_word' id='word_1_79' title='bbox 1604 1168 1797 1232; x_wconf 87' lang='lat' dir='ltr'><strong>quam</strong></span> <span class='ocrx_word' id='word_1_80' title='bbox 1834 1144 1905 1209; x_wconf 87' lang='lat' dir='ltr'><strong>in</strong></span> <span class='ocrx_word' id='word_1_81' title='bbox 1941 1167 2015 1210; x_wconf 86' lang='lat' dir='ltr'><strong>ea</strong></span> <span class='ocrx_word' id='word_1_82' title='bbox 2058 1165 2356 1209; x_wconf 84' lang='lat' dir='ltr'><strong>commu-</strong></span> 
     </span>
     <span class='ocr_line' id='line_1_13' title="bbox 605 1230 1775 1318; baseline -0.009 -14"><span class='ocrx_word' id='word_1_83' title='bbox 605 1236 868 1304; x_wconf 83' lang='lat' dir='ltr'><strong>nicanda</strong></span> <span class='ocrx_word' id='word_1_84' title='bbox 905 1258 1054 1299; x_wconf 82' lang='lat' dir='ltr'><strong>usus</strong></span> <span class='ocrx_word' id='word_1_85' title='bbox 1094 1250 1183 1299; x_wconf 86' lang='lat' dir='ltr'><strong>est</strong></span> <span class='ocrx_word' id='word_1_86' title='bbox 1218 1230 1775 1318; x_wconf 74' lang='lat' dir='ltr'><strong>frequentissimus-</strong></span> 
     </span>
    </p>
   </div>
   <div class='ocr_carea' id='block_1_3' title="bbox 1319 1422 1638 1472">
    <p class='ocr_par' dir='ltr' id='par_1_4' title="bbox 1319 1422 1638 1472">
     <span class='ocr_line' id='line_1_14' title="bbox 1319 1422 1638 1472; baseline 0.003 -1"><span class='ocrx_word' id='word_1_87' title='bbox 1319 1422 1550 1471; x_wconf 77' lang='lat' dir='ltr'>CANON</span> <span class='ocrx_word' id='word_1_88' title='bbox 1595 1427 1638 1472; x_wconf 91' lang='lat'><strong>1.</strong></span> 
     </span>
    </p>
   </div>
   <div class='ocr_carea' id='block_1_4' title="bbox 609 1549 2371 1728">
    <p class='ocr_par' dir='ltr' id='par_1_5' title="bbox 609 1549 2371 1728">
     <span class='ocr_line' id='line_1_15' title="bbox 692 1549 2371 1647; baseline -0.008 -20"><span class='ocrx_word' id='word_1_89' title='bbox 692 1560 795 1627; x_wconf 82' lang='lat' dir='ltr'><strong>Ex</strong></span> <span class='ocrx_word' id='word_1_90' title='bbox 835 1579 983 1623; x_wconf 81' lang='lat' dir='ltr'><strong>vero</strong></span> <span class='ocrx_word' id='word_1_91' title='bbox 1019 1557 1416 1624; x_wconf 83' lang='lat' dir='ltr'><strong>antecedente</strong></span> <span class='ocrx_word' id='word_1_92' title='bbox 1460 1578 1591 1620; x_wconf 87' lang='lat' dir='ltr'><strong>non</strong></span> <span class='ocrx_word' id='word_1_93' title='bbox 1633 1573 1837 1644; x_wconf 86' lang='lat' dir='ltr'><strong>potest</strong></span> <span class='ocrx_word' id='word_1_94' title='bbox 1876 1551 2155 1647; x_wconf 79' lang='lat' dir='ltr'><strong>legitime</strong></span> <span class='ocrx_word' id='word_1_95' title='bbox 2193 1549 2371 1641; x_wconf 81' lang='lat' dir='ltr'><strong>sequi</strong></span> 
     </span>
     <span class='ocr_line' id='line_1_16' title="bbox 609 1644 1942 1728; baseline -0.011 -18"><span class='ocrx_word' id='word_1_96' title='bbox 609 1644 838 1723; x_wconf 82' lang='lat' dir='ltr'><strong>falsum</strong></span> <span class='ocrx_word' id='word_1_97' title='bbox 873 1662 1278 1728; x_wconf 85' lang='lat' dir='ltr'><strong>consequens.</strong></span> <span class='ocrx_word' id='word_1_98' title='bbox 1333 1693 1344 1700; x_wconf 95' lang='lat'>.</span> <span class='ocrx_word' id='word_1_99' title='bbox 1941 1652 1942 1657; x_wconf 74' lang='grc'>’</span> 
     </span>
    </p>
   </div>
   <div class='ocr_carea' id='block_1_5' title="bbox 1320 1814 1666 1865">
    <p class='ocr_par' dir='ltr' id='par_1_6' title="bbox 1320 1814 1666 1865">
     <span class='ocr_line' id='line_1_17' title="bbox 1320 1814 1666 1865; baseline -0.009 -2"><span class='ocrx_word' id='word_1_100' title='bbox 1320 1814 1547 1863; x_wconf 74' lang='grc' dir='ltr'><strong>ΟΑΝΟΝ</strong></span> <span class='ocrx_word' id='word_1_101' title='bbox 1596 1818 1666 1865; x_wconf 91' lang='lat'><strong>11.</strong></span> 
     </span>
    </p>
   </div>
   <div class='ocr_carea' id='block_1_6' title="bbox 618 1947 2372 2137">
    <p class='ocr_par' dir='ltr' id='par_1_7' title="bbox 618 1947 2372 2137">
     <span class='ocr_line' id='line_1_18' title="bbox 699 1947 2372 2043; baseline -0.008 -16"><span class='ocrx_word' id='word_1_102' title='bbox 699 1960 768 2027; x_wconf 90' lang='lat' dir='ltr'><strong>Si</strong></span> <span class='ocrx_word' id='word_1_103' title='bbox 806 1978 1189 2043; x_wconf 86' lang='lat' dir='ltr'><strong>consequens</strong></span> <span class='ocrx_word' id='word_1_104' title='bbox 1216 1955 1569 2043; x_wconf 82' lang='lat' dir='ltr'><strong>legitimum</strong></span> <span class='ocrx_word' id='word_1_105' title='bbox 1593 1952 1824 2020; x_wconf 87' lang='lat' dir='ltr'><strong>falsum</strong></span> <span class='ocrx_word' id='word_1_106' title='bbox 1857 1949 1974 2039; x_wconf 80' lang='lat' dir='ltr'><strong>sit,</strong></span> <span class='ocrx_word' id='word_1_107' title='bbox 2005 1947 2372 2016; x_wconf 82' lang='lat' dir='ltr'><strong>antecedens</strong></span> 
     </span>
     <span class='ocr_line' id='line_1_19' title="bbox 618 2040 1562 2137; baseline -0.01 -23"><span class='ocrx_word' id='word_1_108' title='bbox 618 2067 875 2137; x_wconf 80' lang='lat' dir='ltr'><strong>quoque</strong></span> <span class='ocrx_word' id='word_1_109' title='bbox 911 2041 1147 2107; x_wconf 74' lang='lat' dir='ltr'><strong>falsum.</strong></span> <span class='ocrx_word' id='word_1_110' title='bbox 1178 2040 1260 2105; x_wconf 85' lang='lat' dir='ltr'><strong>sit</strong></span> <span class='ocrx_word' id='word_1_111' title='bbox 1295 2055 1562 2128; x_wconf 62' lang='lat' dir='ltr'><strong>epm-tet·</strong></span> 
     </span>
    </p>
   </div>
   <div class='ocr_carea' id='block_1_7' title="bbox 1132 2178 1691 2262">
    <p class='ocr_par' dir='ltr' id='par_1_8' title="bbox 1132 2178 1691 2262">
     <span class='ocr_line' id='line_1_20' title="bbox 1132 2178 1691 2262; baseline -0.007 2"><span class='ocrx_word' id='word_1_112' title='bbox 1132 2178 1133 2181; x_wconf 22' lang='lat'>¹</span> <span class='ocrx_word' id='word_1_113' title='bbox 1234 2198 1237 2201; x_wconf 72' lang='grc'><strong><em>’</em></strong></span> <span class='ocrx_word' id='word_1_114' title='bbox 1315 2180 1544 2262; x_wconf 53' lang='lat' dir='ltr'><strong>canon</strong></span> <span class='ocrx_word' id='word_1_115' title='bbox 1594 2214 1691 2261; x_wconf 88' lang='lat'>111.</span> 
     </span>
    </p>
   </div>
   <div class='ocr_carea' id='block_1_8' title="bbox 625 2337 2452 2535">
    <p class='ocr_par' dir='ltr' id='par_1_9' title="bbox 625 2337 2452 2535">
     <span class='ocr_line' id='line_1_21' title="bbox 668 2337 2384 2450; baseline -0.005 -17"><span class='ocrx_word' id='word_1_116' title='bbox 668 2397 675 2402; x_wconf 88' lang='lat'><strong>·</strong></span> <span class='ocrx_word' id='word_1_117' title='bbox 722 2366 823 2432; x_wconf 89' lang='lat' dir='ltr'><strong>Ex</strong></span> <span class='ocrx_word' id='word_1_118' title='bbox 869 2365 1025 2430; x_wconf 82' lang='lat' dir='ltr'><strong>falso</strong></span> <span class='ocrx_word' id='word_1_119' title='bbox 1074 2361 1361 2449; x_wconf 85' lang='lat' dir='ltr'><strong>legitime</strong></span> <span class='ocrx_word' id='word_1_120' title='bbox 1423 2361 1706 2450; x_wconf 83' lang='lat' dir='ltr'><strong>sequitur</strong></span> <span class='ocrx_word' id='word_1_121' title='bbox 1747 2377 1969 2434; x_wconf 84' lang='lat' dir='ltr'><strong>verum</strong></span> <span class='ocrx_word' id='word_1_122' title='bbox 2013 2373 2076 2421; x_wconf 91' lang='lat' dir='ltr'><strong>et</strong></span> <span class='ocrx_word' id='word_1_123' title='bbox 2112 2337 2384 2445; x_wconf 74' lang='lat' dir='ltr'><strong>falsum,</strong></span> 
     </span>
     <span class='ocr_line' id='line_1_22' title="bbox 625 2440 2452 2535; baseline -0.008 -18"><span class='ocrx_word' id='word_1_124' title='bbox 625 2473 737 2517; x_wconf 84' lang='lat' dir='ltr'><strong>seu</strong></span> <span class='ocrx_word' id='word_1_125' title='bbox 761 2496 784 2535; x_wconf 88' lang='lat'>‚</span> <span class='ocrx_word' id='word_1_126' title='bbox 818 2467 895 2515; x_wconf 91' lang='lat' dir='ltr'><strong>ut</strong></span> <span class='ocrx_word' id='word_1_127' title='bbox 929 2451 1146 2535; x_wconf 85' lang='lat' dir='ltr'><strong>aiunt,</strong></span> <span class='ocrx_word' id='word_1_128' title='bbox 1193 2470 1276 2516; x_wconf 84' lang='lat' dir='ltr'><strong>ex</strong></span> <span class='ocrx_word' id='word_1_129' title='bbox 1311 2448 1466 2513; x_wconf 83' lang='lat' dir='ltr'><strong>falso</strong></span> <span class='ocrx_word' id='word_1_130' title='bbox 1512 2447 1800 2532; x_wconf 87' lang='lat' dir='ltr'><strong>sequitur</strong></span> <span class='ocrx_word' id='word_1_131' title='bbox 1845 2440 2199 2531; x_wconf 61' lang='lat' dir='ltr'><strong>quodlibeu</strong></span> <span class='ocrx_word' id='word_1_132' title='bbox 2449 2469 2452 2470; x_wconf 38' lang='lat'><em>⁷</em></span> 
     </span>
    </p>
   </div>
   <div class='ocr_carea' id='block_1_9' title="bbox 1211 2613 1788 2703">
    <p class='ocr_par' dir='ltr' id='par_1_10' title="bbox 1211 2613 1788 2703">
     <span class='ocr_line' id='line_1_23' title="bbox 1211 2613 1788 2703; baseline -0.016 0"><span class='ocrx_word' id='word_1_133' title='bbox 1211 2613 1690 2703; x_wconf 62' lang='lat' dir='ltr'><strong>COROLLAiuUM</strong></span> <span class='ocrx_word' id='word_1_134' title='bbox 1745 2650 1788 2695; x_wconf 88' lang='lat'><strong>1.</strong></span> 
     </span>
    </p>
   </div>
   <div class='ocr_carea' id='block_1_10' title="bbox 632 2798 2385 2978">
    <p class='ocr_par' dir='ltr' id='par_1_11' title="bbox 632 2798 2385 2978">
     <span class='ocr_line' id='line_1_24' title="bbox 719 2798 2385 2893; baseline -0.003 -20"><span class='ocrx_word' id='word_1_135' title='bbox 719 2808 860 2873; x_wconf 79' lang='lat'><strong>148.</strong></span> <span class='ocrx_word' id='word_1_136' title='bbox 910 2806 1254 2893; x_wconf 77' lang='lat' dir='ltr'><strong>Nunquam</strong></span> <span class='ocrx_word' id='word_1_137' title='bbox 1275 2851 1298 2890; x_wconf 86' lang='lat'>‚</span> <span class='ocrx_word' id='word_1_138' title='bbox 1352 2823 1638 2868; x_wconf 87' lang='lat' dir='ltr'><strong>concesso</strong></span> <span class='ocrx_word' id='word_1_139' title='bbox 1686 2798 2121 2884; x_wconf 87' lang='lat' dir='ltr'><strong>antecedente,</strong></span> <span class='ocrx_word' id='word_1_140' title='bbox 2166 2802 2385 2884; x_wconf 79' lang='lat' dir='ltr'><strong>negari</strong></span> 
     </span>
     <span class='ocr_line' id='line_1_25' title="bbox 632 2884 2380 2978; baseline -0.004 -21"><span class='ocrx_word' id='word_1_141' title='bbox 632 2908 833 2978; x_wconf 84' lang='lat' dir='ltr'><strong>potest</strong></span> <span class='ocrx_word' id='word_1_142' title='bbox 863 2912 1248 2977; x_wconf 86' lang='lat' dir='ltr'><strong>consequens</strong></span> <span class='ocrx_word' id='word_1_143' title='bbox 1266 2935 1287 2974; x_wconf 91' lang='lat'><strong><em>‚</em></strong></span> <span class='ocrx_word' id='word_1_144' title='bbox 1330 2886 1503 2975; x_wconf 84' lang='lat' dir='ltr'><strong>quod</strong></span> <span class='ocrx_word' id='word_1_145' title='bbox 1548 2910 1624 2951; x_wconf 85' lang='lat' dir='ltr'><strong>ex</strong></span> <span class='ocrx_word' id='word_1_146' title='bbox 1655 2908 1731 2951; x_wconf 89' lang='lat' dir='ltr'><strong>eo</strong></span> <span class='ocrx_word' id='word_1_147' title='bbox 1762 2884 2041 2970; x_wconf 85' lang='lat' dir='ltr'><strong>legitime</strong></span> <span class='ocrx_word' id='word_1_148' title='bbox 2079 2888 2380 2978; x_wconf 80' lang='lat' dir='ltr'><strong>sequitur.</strong></span> 
     </span>
    </p>
   </div>
   <div class='ocr_carea' id='block_1_11' title="bbox 1206 3047 1815 3113">
    <p class='ocr_par' dir='ltr' id='par_1_12' title="bbox 1206 3047 1815 3113">
     <span class='ocr_line' id='line_1_26' title="bbox 1206 3047 1815 3113; baseline 0 0"><span class='ocrx_word' id='word_1_149' title='bbox 1206 3047 1690 3113; x_wconf 65' lang='lat' dir='ltr'><strong>cononmmum</strong></span> <span class='ocrx_word' id='word_1_150' title='bbox 1744 3068 1815 3113; x_wconf 86' lang='lat'><strong>11.</strong></span> 
     </span>
    </p>
   </div>
   <div class='ocr_carea' id='block_1_12' title="bbox 630 3198 2389 3458">
    <p class='ocr_par' dir='ltr' id='par_1_13' title="bbox 630 3198 2389 3458">
     <span class='ocr_line' id='line_1_27' title="bbox 722 3198 2387 3288; baseline -0.002 -23"><span class='ocrx_word' id='word_1_151' title='bbox 722 3199 947 3288; x_wconf 77' lang='lat' dir='ltr'><strong>149.Si</strong></span> <span class='ocrx_word' id='word_1_152' title='bbox 976 3198 1162 3287; x_wconf 86' lang='lat' dir='ltr'><strong>quis,</strong></span> <span class='ocrx_word' id='word_1_153' title='bbox 1208 3219 1497 3262; x_wconf 84' lang='lat' dir='ltr'><strong>concesso</strong></span> <span class='ocrx_word' id='word_1_154' title='bbox 1514 3201 1639 3282; x_wconf 81' lang='lat' dir='ltr'><strong>jam</strong></span> <span class='ocrx_word' id='word_1_155' title='bbox 1689 3199 2115 3273; x_wconf 67' lang='lat' dir='ltr'><strong>antecedente,</strong></span> <span class='ocrx_word' id='word_1_156' title='bbox 2164 3199 2387 3263; x_wconf 71' lang='lat' dir='ltr'><strong>cense-</strong></span> 
     </span>
     <span class='ocr_line' id='line_1_28' title="bbox 630 3282 2389 3371; baseline -0.001 -21"><span class='ocrx_word' id='word_1_157' title='bbox 630 3308 832 3371; x_wconf 87' lang='lat' dir='ltr'><strong>quens</strong></span> <span class='ocrx_word' id='word_1_158' title='bbox 889 3301 1096 3348; x_wconf 82' lang='lat' dir='ltr'><strong>tamen</strong></span> <span class='ocrx_word' id='word_1_159' title='bbox 1153 3304 1282 3345; x_wconf 79' lang='lat' dir='ltr'><strong>non</strong></span> <span class='ocrx_word' id='word_1_160' title='bbox 1329 3282 1789 3349; x_wconf 78' lang='lat' dir='ltr'><strong>admittendum</strong></span> <span class='ocrx_word' id='word_1_161' title='bbox 1841 3283 2112 3368; x_wconf 87' lang='lat' dir='ltr'><strong>judicet,</strong></span> <span class='ocrx_word' id='word_1_162' title='bbox 2166 3305 2389 3350; x_wconf 83' lang='lat' dir='ltr'><strong>conse-</strong></span> 
     </span>
     <span class='ocr_line' id='line_1_29' title="bbox 631 3365 1475 3458; baseline -0.001 -26"><span class='ocrx_word' id='word_1_163' title='bbox 631 3368 956 3458; x_wconf 65' lang='lat' dir='ltr'><strong>quentiam</strong></span> <span class='ocrx_word' id='word_1_164' title='bbox 999 3390 1227 3452; x_wconf 77' lang='lat' dir='ltr'><strong>negare</strong></span> <span class='ocrx_word' id='word_1_165' title='bbox 1266 3365 1475 3432; x_wconf 86' lang='lat' dir='ltr'><strong>debet.</strong></span> 
     </span>
    </p>
   </div>
  </div>
 </body>
</html>
