2707 4611
554 260 563 291 ·.
610 184 697 299 §4
1231 293 1242 303 ⁶
1328 217 1700 295 Tractatum„

1190 388 1468 438 REGULA·
1498 386 1732 441 SEXTA.

698 558 766 626 Si
799 546 1035 624 factum‘
1060 552 1314 641 aliquod
1335 557 1742 622 'memorabile
1779 576 1955 630 testes
1981 573 2351 643 recentiores

615 652 939 717 enarrent,
988 644 1161 724 cujus
1189 637 1400 703 nullus
1425 662 1772 706 coaevorum
1818 651 2211 744 meminerit,
2241 662 2356 748 qui

612 746 861 801 tamen,
907 720 958 789 si
1002 724 1350 808 contigisset
1385 770 1404 798 ,
1464 724 1594 807 ejus
1634 728 1916 792 notitiam
1955 756 2355 829 pronam'ue

612 809 933 878 referendi.
956 811 1337 875 occasionem
1364 808 1757 889 habuissent,
1784 815 1920 895 jure
1952 817 2112 882 sslud
2143 818 2211 887 in
2283 854 2359 894 u..

611 892 794 961 hium
830 897 1035 961 vocari
1071 913 1268 983 potest
1311 917 1384 991 aq
1418 893 1616 958 debet.
1663 894 2115 979 Argumentum
2158 906 2279 972 hoc
2317 938 2356 977 a

612 980 845 1045 criticis
883 992 1349 1067 argumentum
1388 980 1776 1066 negativum·
1796 996 2080 1058 vocatur,
2118 1009 2248 1075 quo
2281 1011 2356 1059 ut

616 1064 758 1149 quis
794 1064 913 1127 rite
960 1081 1173 1128 utatur
1216 1062 1497 1130 ostendat
1933 1076 1936 1079 ’

701 1252 790 1307 1⁰.
839 1239 1089 1306 Coaevos
1140 1242 1473 1330 scriptores
1530 1260 1762 1308 certam
1815 1243 1983 1308 illius
2034 1242 2350 1310 habituros

615 1322 808 1390 fuisse
848 1326 1129 1391 notitiam
1153 1374 1174 1402 ,
1216 1328 1266 1390 si
1319 1327 1715 1413 contigisset3
1777 1329 1826 1391 si
1871 1329 2040 1392 enim
2082 1329 2350 1393 nescive—

572 1468 577 1471 .
614 1411 785 1485 rint,
830 1409 1063 1474 referre
1095 1434 1238 1475 sane
1273 1433 1398 1474 non
1435 1429 1814 1497 potuerunt3
1844 1412 2129 1476 habuisse
2154 1430 2357 1477 antem
2412 1452 2416 1455 Α

623 1497 754 1577 eius
788 1496 1067 1560 notitiam
1104 1496 1560 1572 censebuntur,
1599 1515 1775 1570 tum,
1817 1497 1870 1560 si
1908 1497 2143 1563 factum
2164 1497 2242 1561 sit
2268 1496 2360 1562 in-

623 1581 840 1662 signe,
884 1580 1209 1665 publicum
1237 1630 1258 1656 ,
1312 1580 1611 1668 quodque
1654 1604 1728 1646 eo
1774 1581 1841 1644 in
1881 1576 2023 1646 loco
2063 1598 2125 1646 at
2214 1605 2250 1646 e
2288 1602 2365 1646 eo

624 1679 906 1750 tempore
951 1667 1244 1749 contigit,
1281 1683 1352 1731 ut
1386 1664 1573 1730 latere
1611 1689 1715 1730 eos
1747 1688 1877 1729 non
1921 1683 2148 1753 potuer
2174 1683 2230 1732 t.‘
2261 1692 2266 1695 ⁴

705 1853 797 1905 2⁰.
840 1838 962 1904 Eos
983 1838 1271 1907 habuisse
1310 1865 1574 1930 pronam
1609 1842 1920 1906 referendi
1949 1843 2377 1931 occasionem3

625 1924 800 2016 quod
854 1923 1166 2006 colligitur
1206 1949 1280 1988 ex
1331 1950 1408 1990 eo
1448 1924 1620 2009 quod
1671 1926 1912 1986 factum
1958 1924 2081 1985 hoc
2122 1927 2199 1986 ad
2242 1934 2378 2009 ejus

627 2034 812 2097 quam
852 2008 1128 2073 scribunt
1164 2007 1436 2071 historiae
1477 2005 1658 2068 filum
1694 2004 2001 2088 pertineat
2024 2004 2048 2087 ς’
2093 2009 2266 2092 quod
2295 2011 2376 2073 ad

628 2117 848 2159 eornm
915 2115 1052 2179 quae
1113 2092 1378 2179 scriptor
1437 2104 1769 2176 pertractat
1835 2087 2378 2169 confirmationem

628 2175 912 2242 conferre
949 2175 1303 2261 plurimum
1355 2174 1697 2261 potuisset3
1756 2173 1931 2259 quod
1974 2174 2216 2238 auctori
2249 2176 2382 2241 fue-

629 2262 757 2328 rint
787 2259 949 2325 illud
981 2258 1324 2324 adducendi
1374 2259 1620 2324 motiva.
1660 2255 1771 2320 His
1814 2255 1992 2321 ducti
2034 2259 2385 2328 rationibus

629 2348 816 2416 fidem
844 2369 972 2410 non
1008 2346 1309 2424 habemus
1331 2343 1740 2423 Philostrato,
1767 2342 1878 2426 qui
1905 2363 2024 2407 200
2049 2361 2182 2429 post
2201 2344 2384 2410 annis

568 2438 572 2445 '
628 2430 912 2520 prodigia
949 2430 1214 2493 maxime
1246 2428 1547 2514 stupenda
1586 2426 1662 2489 ab
1687 2426 2029 2512 Apollonio
2054 2428 2375 2513 Thyanaeo

630 2533 865 2606 patrata
909 2514 1095 2577 fuisse
1139 2528 1383 2583 narrat,
1443 2534 1717 2597 quorum
1774 2509 1987 2608 ‘nuHup
2033 2532 2378 2576 coaevorum

530 2673 533 2676 ,
635 2600 960 2673 meminit,
996 2598 1103 2663 etsi
1124 2598 1209 2666 *ad
1235 2594 1596 2658 idololatriae
1618 2592 2115 2677 superstitionem
2135 2641 2154 2668 ,
2184 2615 2379 2679 quam

635 2707 1005 2775 promovere
1041 2680 1465 2753 conabantur,
1506 2674 1993 2740 confirmandam
2032 2678 2383 2763 plurimum

639 2770 1056 2838 contulissent.
1603 2768 1608 2774 ⁴
1800 2783 1804 2800 ¹

724 2925 816 2988 3⁰.
861 2924 1037 2989 Nihil
1074 2939 1280 2989 tamen
1316 2946 1388 2987 ex
1432 2943 1780 2985 coaevorum
1809 2916 2057 2985 silentio
2097 2919 2393 2985 concludi

641 3025 882 3094 potest,
921 3010 972 3069 si
997 3009 1190 3090 gravis
1218 3008 1389 3072 illius
1411 3007 1568 3072 ratio
1596 3006 1824 3070 adferri
1856 3006 2048 3092 possit
2071 3030 2090 3089 3
2118 3022 2191 3069 ut
2217 3004 2392 3094 quod

645 3092 777 3171 ejus
816 3091 1030 3156 relatio
1065 3089 1665 3179 populi„principis
1693 3138 1714 3164 ,
1741 3106 1849 3154 aut
1886 3090 2138 3154 alte‘ri'us
2178 3093 2390 3170 cujus-

646 3175 829 3249 dam,
873 3175 1038 3261 apud
1073 3198 1267 3263 quem
1300 3178 1496 3257 gratia
1526 3175 1795 3238 maxime
1828 3174 2029 3238 valere
2067 3174 2392 3244 intererat,

648 3258 1051 3323 offensionem
1082 3259 1177 3337 vel
1209 3256 1380 3321 aliud
1419 3258 1729 3346 quoddam
1760 3256 2225 3322 incommodum
2252 3276 2396 3317 auc-

647 3343 776 3419 tori
809 3341 1395 3419 facileaccersisset.
1454 3344 1559 3407 Sic
1603 3341 1901 3405 haereticis
1950 3339 2248 3403 rationem
2287 3336 2398 3402 da·-

646 3449 790 3497 mus
825 3426 1346 3514 efficacissimam,
1402 3433 1516 3493 cur'
1552 3425 1631 3495 de
1676 3423 2081 3494 sacramentis
2124 3420 2394 3508 aliisque

2169 3523 2396 3573 nostrae
