2707 4611
659 281 739 347 82
1407 231 1747 315 Tmctatus

1203 401 1252 443 ae
1290 371 1385 437 vel
1422 365 1595 430 nudo
1635 354 1821 423 oculo
1868 371 2016 415 eum
2051 342 2283 427 vulgo,
2318 337 2419 404 vel
2512 370 2521 377 ·

644 400 769 471 ,Sic
809 387 1047 478 eclipsis
1089 383 1199 449 lun

1278 453 1519 520 dhihito
1561 435 1898 526 telescopio
1943 429 2271 497 artificiose
2303 424 2422 490 oh-

667 504 814 547 cum
845 465 1203 540 astronomis
1242 484 1276 525 a

778 1304 922 1370 226.
952 1288 1284 1384 Quidquid
1321 1284 1516 1366 igitur
1564 1300 1695 1341 non
1725 1285 2063 1336 sentimus,
2107 1276 2220 1342 per
2258 1267 2450 1334 expe-

694 1388 1221 1457 rientiamnotum
1249 1393 1376 1435 non
1396 1382 1509 1429 est.
1560 1363 1668 1427 Sic
1692 1368 1856 1423 errat
1881 1347 1993 1435 qui
2020 1344 2169 1406 dicit
2186 1337 2459 1422 seipsum

699 1474 889 1540 fuisse
936 1481 1264 1550 expertum
1292 1449 1617 1517 effluvium
1673 1434 2091 1523 magneticum
2144 1443 2273 1508 quo
2325 1417 2464 1480 fer-

704 1580 853 1624 rum
879 1548 1231 1615 attrahitur.

771 1689 929 1745 .227.
969 1666 1276 1723 Senomon.
1321 1647 1704 1715 vitiumhoc
1753 1631 2135 1713 subreptionis
2180 1630 2417 1706 vocatur
2447 1653 2476 1682 ,a

682 1741 1185 1813 'committiturque
1226 1737 1295 1792 ab
1327 1732 1398 1791 iis
1435 1727 1538 1812 qui
1567 1724 1661 1784 vel
1686 1715 1937 1782 nimium·
1968 1699 2354 1780 imaginationi
2384 1711 2477 1749 m-

708 1822 941 1894 dulgent
960 1858 976 1887 ,
1002 1815 1095 1870 vel
1116 1831 1218 1886 per
1244 1801 1564 1882 praejudicia
1604 1799 1674 1854 ad
1707 1811 1830 1851 eam
1867 1785 2187 1860 opinionem
2208 1783 2319 1830 act1
2338 1767 2483 1823 salso

1569 1872 1579 1883 '
1735 1869 1770 1922 d
1811 1880 1927 1918 non
1963 1868 2075 1924 est;
2115 1851 2207 1907 vel
2245 1839 2513 1926 iel-quod,

711 1895 825 1956 sibi
868 1888 1199 1968 persuadent
1239 1903 1297 1939 se
1337 1874 1585 1951 experiri
1619 1888 1731 1945 quo

713 1990 816 2049 per
836 1966 1146 2041 legitimum
1174 1952 1532 2014 ratiocinium
1555 1965 1626 2002 ex
1659 1930 1995 2016 praecedenti
2013 1921 2365 1998 experientia
2384 1915 2490 1970 de-

717 2049 964 2114 ducunt,
1002 2056 1105 2115 pro
1133 2035 1253 2108 ipsa
1278 2019 1629 2102 experientia
1669 2019 1896 2092 jactant.

806 2143 1367 2234 228.Experientia
1414 2138 1742 2200 dumtaxat
1787 2141 1878 2187 est
1906 2119 1983 2182 de
2013 2115 2199 2179 rebus
2255 2106 2484 2188 singu-

724 2241 1015 2328 laribus3
1083 2254 1151 2294 ea
1204 2227 1374 2288 enim
1417 2221 1622 2284 solum
1667 2207 2030 2296 experimur
2075 2218 2219 2284 quae
2264 2192 2333 2254 in
2380 2211 2499 2254 or·-

734 2349 891 2410 gana
959 2314 1228 2383 sensoria
1267 2323 1497 2393 agunt:
1526 2303 1664 2365 haec
1704 2315 1866 2359 vero
1899 2283 2112 2353 omnia
2176 2277 2449 2342 existunt
2473 2318 2497 2344 ,

734 2402 1049 2497 quidquid
1084 2415 1293 2462 autem
1320 2391 1567 2471 existit,
1600 2378 1995 2447 individuum
2035 2383 2121 2433 est
2154 2386 2227 2427 ac
2277 2360 2503 2439 singu·-

737 2496 894 2561 lare.
1473 2490 1487 2503 ’
2141 2497 2144 2498 ⁷

817 2641 960 2705 229.
985 2616 1069 2680 Et
1094 2614 1143 2677 si
1167 2605 1390 2697 judicia
1413 2603 1480 2664 in
1507 2583 1878 2680 experientia
1901 2580 2145 2647 fundata
2164 2564 2511 2651 singularia

777 2709 792 2724 '
884 2742 904 2780 ‚-
931 2700 1122 2765 facile
1156 2705 1361 2760 tamen
1400 2706 1511 2772 per
1545 2673 1968 2741 inductionem
2005 2651 2510 2804 quamplurima-

750 2815 898 2858 rum
930 2780 1428 2853 observationum
1466 2761 1769 2832 similium
1807 2756 1876 2818 iu
1914 2748 2200 2815 universa
2225 2741 2290 2804 ia
2330 2756 2515 2801 eom-

755 2889 1103 2940 mutantur·
2297 2867 2303 2871 '

767 3153 1054 3219 1dearum
1107 3142 1499 3216 comitatur-3
1555 3126 1651 3192 vel
1707 3114 2094 3187 habitualis,
2137 3125 2285 3190 'cum
2345 3117 2522 3159 nunc

871 3237 885 3251 ’
1470 3219 1632 3280 hanc
1665 3208 1955 3276 idearum
1993 3192 2351 3261 relationem
2391 3201 2528 3242 non

775 3318 1087 3409 percipit3
1138 3312 1219 3376 ob
1281 3301 1648 3370 memoriam
1679 3309 1884 3356 tamen
1928 3287 2054 3366 ejus
2111 3263 2527 3361 perceptionis

750 3400 1106 3492 ‘praeteritae
1167 3397 1256 3458 ita
1303 3405 1392 3452 est
1446 3393 1839 3467 comparata,
1894 3385 1966 3433 ut
2010 3359 2533 3452 quotiescumque

787 3484 1016 3555 eaedem
1055 3475 1177 3544 illae
1213 3476 1365 3540 ideoe
1414 3478 1784 3545 recurrunt,
1821 3454 2143 3525 veritatem
2173 3435 2535 3509 indubitan-

788 3594 885 3645 ter
915 3575 1214 3651 agnoscat.
