2707 4611
626 246 708 311 26
1340 253 1679 328 Tractatm
1702 338 1715 350 ‚

1253 440 1389 490 LEX
1427 442 1738 530 QUARTAf

703 579 1020 670 Definitio
1073 589 1242 664 nihil
1286 596 1606 682 superflui
1653 600 2000 680 contineat.
2052 598 2369 682 Inutiliter

622 664 793 730 enim
827 690 1176 751 gravaretur
1217 685 1554 763 memoria,
1601 700 1664 748 et
1701 684 1997 760 confusio*
2028 692 2175 772 inde
2216 723 2366 766 nas-

620 767 887 817 ceretur.
922 754 1084 828 Hinc
1107 758 1381 832 definitio
1401 763 1671 844 hominis
1703 789 1719 834 ε
1751 772 2009 843 ,animal
2025 780 2365 861 rationale,

620 837 842 933 mel-ior
880 856 973 986 {est
1001 866 1203 933 ¹quam
1244 846 1373 913 haec
1404 868 1421 916 τ
1458 850 1714 915 animal
1737 854 1992 934 vivens,
2045 869 2362 947 mortale3

622 932 878 988 ratzona
903 946 938 987 e

1259 1068 1395 1116 LEX
1436 1069 1721 1129 QmN'rA.
1753 1076 1757 1082 ’

699 1210 1017 1299 Definitio
1060 1244 1192 1287 non
1237 1226 1317 1290 sit
1359 1229 1682 1315 negativa.
1726 1232 1858 1301 Hac
1906 1235 2074 1301 enim
2119 1238 2365 1318 ratione

616 1317 749 1362 non
784 1300 1197 1373 declararetur
1232 1310 1365 1375 idea
1390 1315 1656 1379 termino
1678 1320 2086 1405 respondem,
2124 1325 2232 1398 sed
2258 1349 2364 1401 so-

612 1379 939 1449 lummodo
961 1388 1334 1466 indicaretur
1403 1421 1498 1462 uae
1528 1400 1659 1463 idea
1685 1404 1954 1474 termino
1974 1405 2070 1477 illi
2091 1408 2366 1491 subjecta

612 1487 745 1534 non
769 1471 868 1535 sit.
896 1469 984 1538 Ut
1006 1475 1057 1538 si
1092 1477 1257 1552 dicas
1294 1501 1309 1546 :
1343 1420 1461 1560 20*
1495 1483 1595 1558 ica
1621 1509 1754 1549 non
1789 1499 1885 1550 est
1918 1490 2187 1567 seientia
2208 1518 2362 1581 quae

610 1555 812 1617 tradit
840 1560 1093 1641 regulas
1123 1562 1405 1634 honest&
1497 1570 1696 1647 uobus
1733 1587 1942 1650 tamen
1979 1575 2220 1656 casibus
2262 1578 2365 1654 lex

612 1634 745 1701 haec
781 1644 1209 1730 exceptionem
1247 1650 1478 1748 patitur
1523 1680 1539 1715 ε
1856 1669 1859 1676 ’

697 1769 788 1821 1.⁰
816 1758 1088 1845 Quando
1112 1767 1475 1836 affirmativa
1494 1771 1862 1862 definitio-in
1897 1795 2192 1864 potestate
2232 1805 2362 1848 non

611 1856 720 1907 est.
757 1856 848 1912 2.⁰,
867 1843 1140 1930 Quando
1174 1852 1300 1917 duo
1332 1855 1554 1926 adsunt
1575 1869 1713 1945 quae
1737 1864 2212 1931 contradictorie
2233 1868 2356 1931 sihi

608 1946 1016 2011 opponuntur
1030 1957 1053 2015 3
1098 1949 1229 1998 tum
1258 1941 1448 2003 .enim
1497 1940 1690 2008 altero
1744 1968 1966 2011 eorum
2013 1952 2134 2030 jam
2177 1949 2355 2012 affir-

607 2011 830 2075 mative
866 2012 1159 2100 definito,
1202 2020 1471 2087 alterum
1500 2044 1665 2092 recte
1705 2033 1977 2113 negative
2015 2032 2347 2119 definitur3

658 2094 759 2157 uia
793 2116 1030 2163 >constat
1066 2104 1203 2166 satis
1248 2107 1404 2191 quid
1442 2132 1538 2175 res
1578 2113 1690 2196 sit,
1743 2137 1890 2179 cum
1930 2140 1968 2180 o
2016 2117 2191 2202 positi
2239 2141 2356 2205 per

603 2116 1033 2247 definitionem
1082 2191 1458 2271 praemissam
1500 2198 1625 2278 jam
1668 2202 1899 2282 cogniti
1995 2201 2227 2266 efinitio
2277 2203 2356 2267 de

610 2260 824 2329 eadem
841 2286 1119 2351 negatur.
1161 2271 1265 2337 Sic
1303 2277 1412 2353 ubi
1454 2278 1840 2368 impossibile
1879 2285 2187 2352 definieris
2230 2309 2246 2354 t
2291 2288 2364 2353 id
2400 2330 2403 2333 -

600 2349 779 2432 quod
789 2350 859 2414 in
871 2354 1035 2431 notis
1042 2359 1483 2426 essentialibus
1496 2370 2066 2445 contradictionem
2079 2373 2358 2439 involvi&

604 2432 744 2495 satis
788 2439 1015 2520 patebit
1056 2442 1213 2526 quid
1254 2443 1332 2508 sit
1361 2451 1665 2530 possibile
1704 2455 1898 2536 priori
1941 2459 2295 2539 oppositum
2331 2504 2355 2541 ,

604 2516 654 2577 si
679 2516 755 2580 de
776 2519 993 2584 eodem
1021 2525 1196 2609 prior
1219 2527 1499 2606 definitio
1527 2551 1784 2615 negatur
1810 2536 2072 2599 dicendo
2098 2558 2114 2601 τ
2137 2541 2356 2623 possi—

605 2599 729 2664 bile
762 2615 857 2667 est
887 2606 961 2668 id
988 2611 1163 2694 quod
1194 2611 1264 2675 in
1298 2616 1468 2679 notis
1503 2616 1944 2691 essentialibus
1983 2622 2352 2686 contradic-

605 2684 845 2752 tionem
885 2712 1020 2755 non
1058 2694 1341 2773 involvit9

687 2829 787 2892 72.
834 2809 1116 2880 Tandem
1149 2816 1219 2883 in
1250 2815 1584 2901 condendis
1627 2815 2092 2903 definitionibus
2129 2844 2360 2913 praiter·

602 2892 883 2976 praefatas
907 2895 1066 2980 leges
1100 2901 1351 2966 observa
1372 2947 1393 2985 ,
1435 2900 1485 2964 si
1511 2901 1911 2988 aliquomodo
1944 2910 2160 2995 possis,
2188 2912 2352 2993 illud

603 2974 922 3046 Ciceronis
962 3003 977 3044 ε
1019 2983 1336 3069 Definitio
1382 2997 1624 3049 constet
1665 3011 1903 3076 genere
1939 2998 2238 3089 proximo
2289 3010 2354 3061 et

603 3058 970 3146 differentia
1014 3067 1263 3134 ultima.
1305 3070 1624 3155 Imprimis
1660 3075 1828 3154 enim
1867 3100 1982 3175 per
2026 3079 2133 3155 has
2177 3099 2348 3146 notas

602 3161 699 3208 r'es
722 3143 1120 3231 distinguitur
1134 3153 1213 3216 ab
1236 3155 1412 3216 omni
1433 3153 1549 3218 alia
1567 3180 1637 3220 re
1657 3182 1677 3242 3
1701 3160 2001 3237 nimirum
2018 3186 2130 3263 per
2153 3187 2350 3247 genus

604 3230 962 3313 proximum
998 3236 1076 3298 ab
1113 3235 1287 3300 omni
1318 3259 1387 3300 re
1413 3262 1552 3325 quae
1587 3245 1704 3305 sub
1729 3244 1945 3327 eodem
1976 3270 2195 3333 genere
2216 3270 2348 3325 non

606 3314 955 3382 continetur
968 3342 991 3401 3
1032 3343 1146 3406 per
1166 3318 1577 3390 differentiam
1601 3351 1744 3391 vero
1768 3329 2049 3409 ultimam
2070 3332 2148 3394 ab
2170 3333 2350 3413 omni.

600 3396 723 3461 alia
752 3422 821 3462 re
855 3425 995 3489 quae
1031 3406 1152 3471 sub
1172 3404 1393 3469 eodem
1431 3430 1655 3490 genere
1681 3414 2052 3481 continetur.
2081 3415 2367 3506 Insuper.
2404 3420 2409 3427 “

599 3505 715 3571 per
763 3488 1059 3567 ejusmodi
1103 3489 1488 3557 definitiones
1543 3517 1642 3559 res
1696 3495 2055 3573 definiendae
2096 3500 2193 3566 ad
2235 3508 2346 3579 sua
