2707 4611
612 282 727 331 102
1251 291 1259 303 ·
1320 259 1665 327 Tmctatm

604 405 829 456 ventam
858 413 986 450 cum
1014 393 1140 452 aliis
1172 395 1646 452 communicamus
1666 435 1683 465 ,
1722 393 1842 451 sive
1876 413 2006 452 cum
2034 396 2172 455 alios
2199 400 2364 458 doce-

605 489 729 530 mus
746 512 763 543 ‚
804 468 1115 544 synthetica
1149 471 1266 526 sere
1300 469 1362 526 in
1405 489 1509 527 usu
1546 482 1629 526 est
1647 512 1663 541 ,
1701 469 1995 544 pr'opterea
2024 475 2175 548 quod
2203 477 2370 549 prin-

607 544 760 621 cipia
792 544 1133 603 universalia
1187 555 1244 601 et
1282 562 1385 619 per
1423 565 1488 601 vse
1543 544 1826 602 evidentia
1871 548 2056 604 nullo·
2081 550 2297 623 negotio
2333 570 2365 608 a

546 668 550 672 Α
610 620 813 697 quovis
849 619 1136 679 intellectu
1173 618 1588 704 perspiciantur
1626 641 1641 677 τ
1676 638 1848 695 quare
1879 622 2017 678 dum
2056 626 2129 681 ab
2150 623 2238 683 his
2275 625 2367 683 in-

526 727 530 731 ·
610 697 871 769 choamus
890 739 909 769 ,
948 706 1004 753 et
1046 713 1251 752 sensim
1276 695 1345 751 ad
1382 696 1643 756 veritates
1676 694 1849 769 magis
1883 699 2211 773 compositas
2242 703 2366 760 des-

612 771 903 830 cendimus
930 813 949 843 ‚
1006 769 1066 826 id
1112 768 1432 828 obtinemus
1482 781 1545 828 ut
1588 770 1892 829 discentem
1940 792 1974 829 a
2016 774 2369 836 facilioribus

610 846 920 906 successive
968 840 1039 901 ad
1085 843 1410 902 difficiliora
1448 857 1503 904 et
1533 845 1706 921 magis
1741 847 2038 921 composita
2067 851 2231 923 quasi
2268 872 2369 928 per

610 924 815 997 gradus
852 923 1150 991 ducamus,
1197 919 1580 996 efficimusque
1613 933 1678 978 ut
1713 941 1777 979 ea
1817 922 2084 983 facilitate
2114 944 2178 982 ac
2203 926 2385 987 clari-·

610 1008 722 1055 tate
746 1017 858 1073 qua
880 994 1290 1072 principiorum
1310 997 1603 1055 veritatem
1621 997 1905 1073 perspexit
1927 1041 1943 1069 ,
1965 997 2117 1056 illam
2142 1008 2383 1079 quoque

612 1073 937 1141 veritatem,
974 1070 1043 1125 de
1078 1088 1191 1145 qua
1217 1069 1402 1145 agitur
1425 1116 1441 1144 ,
1481 1071 1677 1130 intime
1715 1073 2023 1148 pervideat.
2064 1074 2173 1156 Sed
2198 1078 2368 1137 facile

610 1158 763 1224 patet
780 1189 797 1219 ,
833 1149 1160 1205 descensum
1196 1143 1351 1205 hunc
1379 1150 1580 1206 debere
1605 1166 1730 1206 esse,
1751 1148 2124 1208 lentissimum
2140 1192 2161 1220 ,
2188 1163 2250 1209 ut
2271 1153 2367 1211 ni-

611 1223 821 1281 mirum
853 1242 923 1280 ex
959 1218 1242 1294 principio
1273 1241 1388 1281 non
1413 1223 1692 1280 inseratur
1714 1224 1827 1284 nisi
1857 1224 1915 1282 id
1939 1269 1956 1299 ,
2005 1228 2155 1304 quod
2189 1228 2369 1303 primo

613 1299 736 1358 loco
777 1311 831 1358 et
866 1294 1180 1356 immediate
1219 1316 1291 1357 ex
1325 1318 1390 1356 eo
1429 1298 1681 1379 profluit.

1017 1506 1328 1577 CAPUT
1374 1505 1973 1582 UNDECIMUM.

767 1706 879 1772 De
911 1705 1436 1794 interpretatione
1476 1721 1540 1774 et
1573 1711 1841 1778 lectione
1879 1713 2210 1781 librorum.

698 1925 846 1994 279.
871 1905 998 1970 Are
1029 1903 1199 1969 inter
1245 1905 1503 1970 retundi
1526 1950 1547 1987 ,
1589 1929 1728 2005 quae
1757 1925 1817 1971 et
1848 1907 2360 1984 hermeneutiea,

617 1988 845 2056 dicitur
862 2037 885 2065 ,
923 2006 1014 2054 est
1053 2014 1153 2054 ars
1230 1989 1636 2056 etermiuamh
1671 2011 1921 2056 sensum
1966 1994 2157 2078 quem
2190 2014 2351 2056 auc-

616 2076 765 2140 toris
798 2075 983 2138 verba
1022 2074 1121 2139 vel
1157 2097 1269 2139 ore
1306 2074 1404 2143 vel
1424 2073 1651 2161 scripto
1673 2073 1917 2162 prolata
1938 2076 2286 2142 continent.

1231 2271 1759 2333 conoLLAmum.

704 2433 846 2498 280.
872 2433 1009 2521 Qui
1054 2458 1203 2518 ergo
1245 2434 1502 2501 alterius
1558 2436 1745 2507 verba
1811 2436 2201 2538 interpretari
2268 2459 2382 2521 ag-

595 2516 895 2600 ¹greditur
914 2565 937 2594 ,
970 2519 1024 2583 is
1063 2532 1335 2584 mentem
1380 2519 1649 2582 auctoris
1677 2518 2115 2603 perfectissime
2136 2533 2270 2584 asse
2361 2523 2377 2537 ⁸

615 2602 835 2671 debet:
877 2619 939 2669 et
974 2603 1238 2691 proinde
1268 2599 1513 2666 easdem
1538 2646 1561 2675 ,
1596 2624 1750 2687 quas
1778 2619 2030 2690 auctor,
2064 2544 2385 2671 vocabffi

617 2686 782 2753 ideas
823 2693 1221 2774 conjungere.
1944 2683 1966 2700 “

705 2808 845 2876 181.
865 2810 1096 2878 Nullus
1142 2829 1430 2897 uuquam
1489 2829 1701 2872 sensus
1738 2806 1943 2871 verbis
1989 2807 2259 2874 auctoris
2295 2825 2385 2874 est

617 2894 986 2960 tribuendus
1002 2942 1024 2978 ‚
1088 2895 1207 2959 nisi
1262 2893 1378 2981 qui
1418 2889 1587 2957 clare
1620 2891 1875 2979 probari
1927 2893 2167 2996 possit:
2232 2917 2383 2957 cum

622 2976 791 3039 enim
826 3002 861 3041 a
893 3002 1070 3065 posse
1111 2978 1189 3042 ad
1230 3000 1358 3044 esse
1402 3001 1532 3042 non
1566 2976 1770 3044 'valeat
1805 2976 2005 3044 illatio
2029 3025 2051 3053 ,
2077 2977 2387 3060 utLogici

620 3057 975 3148 loquuntur
1002 3110 1023 3146 ,
1068 3084 1145 3125 ex
1183 3084 1257 3124 eo
1299 3063 1475 3150 quod
1527 3060 1714 3128 verba
1744 3063 1979 3149 possint
2017 3063 2248 3125 habere
2265 3061 2385 3124 de—

622 3145 1025 3212 terminatum
1059 3144 1340 3230 aliquem
1373 3169 1663 3220 sensum,
1708 3147 1935 3212 inferri
1978 3145 2200 3243 nequit
2232 3165 2383 3206 eum
2433 3158 2444 3168 ·

625 3228 825 3314 reipsa
861 3230 1050 3295 talem
1104 3251 1231 3294 esse
1267 3229 1336 3292 in
1374 3251 1517 3295 casu
1564 3249 1969 3312 occurrente3
2010 3232 2199 3309 igitur
2241 3227 2386 3311 quis

629 3335 709 3377 ex
772 3316 1066 3378 omnibus
1117 3311 1519 3400 possibilibus
1582 3335 1753 3394 nunc
1814 3315 1894 3378 sit
1941 3310 2388 3378 determinatus

625 3395 1077 3460 vocabulorum
1104 3419 1318 3461 sensus
1398 3397 1609 3462 ositiva
1626 3396 1865 3459 ratione
1884 3394 2148 3476 stabiliri
2176 3394 2381 3459 debet.

627 3479 863 3545 Indicia
916 3498 996 3541 ex
1041 3480 1274 3562 quibus
1325 3481 1349 3544 i
1433 3478 1750 3551 efficitur,
1781 3477 2123 3565 principia
2187 3477 2385 3544 inter-

613 3561 931 3654 pretandi
948 3575 1270 3628 vocantur.
