2707 4611
1018 224 1098 286 cle
1133 223 1410 312 Logica.
2004 253 2086 316 99

323 350 379 414 ai
417 366 633 415 contra
650 348 904 415 atheum
924 350 1195 435 probare
1228 349 1441 415 volens
1466 350 1782 415 mundum
1808 374 1940 417 non
1966 376 2092 418 esse

324 435 406 497 ab
443 451 673 499 aeterno
692 481 714 509 ‚
756 433 843 498 sic
877 427 1377 517 argumenteris:
1416 432 1589 498 Deus
1630 436 1863 501 creavit
1892 459 2095 500 mun-

323 519 481 585 dum
518 519 586 582 in
632 535 912 605 tempore
939 543 961 603 3
988 541 1138 601 ergo
1163 518 1442 583 mundus
1458 542 1591 583 non
1620 534 1710 583 est
1731 520 1812 585 ab
1834 537 2092 599 aeterno.

411 638 554 725 274.
577 638 743 704 Huic
776 637 979 702 affinis
1013 656 1105 703 est
1129 639 1406 703 circulus
1440 636 1701 702 vitiosae
1720 686 1743 714 ,
1779 640 1894 727 qui
1916 663 2090 705 com-
2133 720 2136 723 Δ

322 724 630 799 mittitur,
653 724 806 787 dum
841 746 967 788 una
998 723 1344 810 propositio
1369 745 1487 820 per
1524 721 1783 788 alteram
1815 724 2087 789 demon-

319 824 551 873 stratur
575 853 597 892 ,
651 807 735 871 ita
786 824 860 870 ut
914 831 1041 871 una
1101 823 1238 888 agat
1331 805 1675 891 rincipium
1726 807 1981 873 alterius
2028 824 2125 874 et

317 893 621 976 vicissim3
676 908 751 956 ut
799 891 855 954 si
895 913 973 956 ex
1025 892 1285 977 spiritua
1315 891 1460 954 itate
1508 890 1733 966 animae
1795 891 2088 958 humanae

316 979 448 1056 ejus
489 974 1020 1041 immortalitatem
1041 1021 1063 1060 ,
1101 991 1163 1039 et
1195 972 1421 1038 deinde
1461 996 1539 1038 ex
1576 977 1705 1059 ejus
1747 975 2086 1042 immorta-

310 1058 481 1126 litate
517 1057 1022 1148 spiritualitatem
1048 1059 1453 1125 demonstres.
1671 1066 1676 1069 '
2183 1070 2184 1073 ’

384 1210 422 1248 2
461 1190 518 1248 5.
561 1188 870 1248 Senonioit.
920 1188 1070 1250 Cave
1115 1199 1302 1247 tamen
1341 1205 1416 1245 ne
1459 1200 1588 1244 eum
1626 1184 1844 1244 circulo
1880 1186 2088 1247 vitioso

309 1284 417 1323 con
447 1265 626 1322 undas
659 1286 983 1343 regressum
1015 1265 1570 1334 demonstrativum,
1608 1260 1713 1336 qui
1742 1271 1882 1319 tune
1909 1261 2089 1321 habe-

307 1350 439 1412 tur,
468 1357 599 1398 cum
617 1340 921 1415 propositio
941 1342 1051 1416 jam
1074 1340 1303 1398 aliunde
1326 1336 2089 1420 demonstrata-confirmatur

307 1434 415 1491 per
449 1415 607 1473 illam
645 1428 902 1492 respectu
940 1418 1099 1491 cujus
1139 1436 1204 1474 ea
1243 1413 1601 1491 principium
1631 1419 1771 1485 egit.
1802 1408 1898 1495 διο
1914 1451 1933 1481 ,
1979 1412 2084 1478 de-

307 1501 613 1549 monstrata
632 1510 733 1567 per
759 1511 982 1548 sensum
1004 1501 1216 1550 naturae
1244 1507 1599 1548 communem
1620 1484 1727 1543 Dei
1750 1494 2049 1570 eiu-stentia
2066 1527 2085 1557 ‚

308 1584 385 1622 ex
426 1585 641 1623 summa
682 1568 801 1641 ejus
838 1567 1085 1625 bonitate
1118 1579 1174 1625 et
1203 1563 1523 1639 veriloquio
1539 1605 1557 1636 ,
1614 1559 2083 1617 infallibilitatem

309 1657 504 1698 sensus
520 1652 734 1700 naturae
753 1642 1063 1700 communis
1096 1644 1207 1717 jam
1230 1638 1461 1697 aliunde
1486 1639 1915 1696 demonstratam
1934 1635 2079 1694 bene

309 1716 628 1776 confirmas,
660 1716 742 1775 Ut
762 1736 897 1777 vero
915 1717 1058 1779 vitia
1078 1716 1140 1774 in
1158 1714 1589 1779 demonstrando
1600 1709 1837 1796 ‘facilius
1865 1708 2045 1795 evites
2060 1752 2081 1785 ,

303 1790 544 1854 observa
581 1804 878 1870 sequentes

700 1979 919 2075 Leges
968 1978 1692 2054 demonatrafionum.

1035 2195 1353 2220 mm

991 2360 1124 2407 LEX
1170 2357 1404 2406 PRIMA.

383 2524 590 2591 Status
629 2520 983 2612 quaestionis
1032 2546 1227 2610 quam
1271 2520 1732 2591 accuratissime
1765 2520 2072 2593 determi-

303 2626 488 2676 netur
516 2634 538 2696 3
571 2608 638 2672 id
678 2624 890 2674 autem
925 2608 1285 2675 obtinetur:
1601 2649 1606 2654 -

387 2739 477 2792 i.⁰
523 2729 837 2817 Accuratan
871 2726 1326 2793 vocabulorum
1365 2720 1749 2787 definitione.

281 2843 288 2852 '
384 2855 478 2906 2.⁰
498 2843 813 2911 Divisione
835 2844 1192 2935 quaestionis
1211 2840 1544 2932 propositae
1572 2839 1642 2907 in
1666 2861 1809 2907 suas
1820 2855 2022 2927 partes
2038 2889 2062 2921 ,

301 2924 353 2990 si
384 2937 539 3013 quas
571 2929 818 2994 haheat.

385 3051 479 3116 δέ’
519 3052 880 3119 Resecando
926 3075 996 3117 ea
1026 3076 1165 3141 quae
1197 3069 1304 3118 aut
1336 3068 1509 3118 certo
1537 3074 1719 3123 vera,
1756 3053 1865 3115 aut
1893 3041 2064 3117 certo

298 3133 447 3201 falsa
466 3181 490 3221 ‚
520 3154 640 3224 ‘aut
673 3137 801 3202 huc
845 3159 975 3201 nou
1014 3131 1386 3225 pertinentia
1408 3185 1432 3216 ,
1471 3153 1582 3203 aut
1615 3155 1875 3225 prorsus
1914 3134 2061 3200 inu-

303 3218 430 3285 tilia
465 3244 594 3294 esse
640 3222 1135 3310 conspiciuntur.
1667 3225 1674 3234 ”

383 3342 479 3410 4.⁰
513 3347 627 3415 His
665 3348 950 3437 praestitis
968 3395 991 3426 ,
1034 3346 1437 3438 quaestionem
1481 3353 1863 3440 propositam
1901 3355 2058 3421 sim-

298 3426 648 3583 Plia‘iziffimss
667 3480 692 3513 ,
741 3450 1051 3522 quantum
1093 3432 1229 3504 fieri
1265 3448 1502 3522 potest,
1530 3439 1813 3509 terminis
1857 3440 2058 3526 expri-

300 3535 368 3579 m
491 3537 551 3582 o.
1064 3561 1073 3568 ψ
1755 3551 1772 3560 -
2147 3540 2152 3545 “
