2707 4611
400 248 407 273 ἰ

387 526 887 600 conscitsnmus
917 554 938 581 ,
992 524 1248 594 ’quaque
1286 556 1307 583 ,
1358 508 1434 572 de
1481 508 1644 573 ositis
1691 503 2058 604 praejudicils
2084 551 2107 588 ,

393 592 575 742 aeq]
640 600 663 603 ”
739 592 958 657 uadam
1008 593 1346 657 naturaevi
1390 618 1423 656 a
1521 591 1822 674 judiclum
1851 588 1953 652 'de
1984 589 2113 666 hoc

383 679 486 746 vel
551 611 923 763 ffijecto
952 693 1308 741 constanter
1350 675 1678 740 ferendum
1726 697 1839 737 nos
1880 672 2122 771 impelli

389 763 733 847 sentimus3
776 762 934 824 hanc
973 763 1139 825 enim
1182 760 1405 825 merito
1443 759 1576 823 aliis
1658 780 1868 846 noque
1903 758 2118 821 homi-

384 849 573 913 nibus
612 847 805 912 inesse
850 845 1229 927 judicamus,
1274 867 1421 909 cum
1469 866 1603 908 eam
1649 869 1747 910 em
1785 843 2110 906 nobiscum

385 932 579 998 sortiti
631 932 755 999 sint
806 946 1092 994 naturam
1138 926 1523 994 rationalem.
1580 927 1680 991 Sic
1737 926 2112 991 desiderium

379 1016 687 1081 felicitatis
710 1062 731 1099 ,
787 1013 959 1102 quod
1018 1015 1088 1079 in
1128 1013 1311 1079 nobis
1363 1010 1756 1099 experimur,
1800 1010 1935 1075 aliis
1981 1012 2113 1075 sine

374 1100 750 1168 haesitatione
782 1099 1138 1164 tribuimus.
2031 1116 2052 1143 δ

461 1259 556 1324 4⁰.
597 1260 928 1326 Viatorum
970 1256 1292 1323 relationes
1309 1302 1330 1339 ,
1366 1252 1515 1319 libri
1547 1270 1609 1321 et
1645 1253 2113 1338 commentarii3

380 1345 534 1436 quia
573 1344 642 1407 in
685 1344 812 1408 illis
865 1342 1137 1408 aliorum
1183 1341 1517 1406 hominum
1557 1362 1730 1404 sensa
1769 1341 2113 1421 consignata

376 1444 542 1494 sunt.

390 1651 400 1655 „
470 1607 612 1692 196.
670 1605 901 1671 Existit
950 1623 1183 1671 naturae
1239 1605 1594 1672 communis
1645 1624 1875 1668 sensus.
1949 1599 2114 1678 Cum

381 1687 588 1771 enim,
627 1691 1002 1777 experientia
1045 1708 1190 1756 teste
1208 1737 1229 1776 ‚
1275 1687 1819 1777 deprehendantur
1846 1687 1916 1749 in
1941 1683 2114 1767 omni

341 1772 609 1840 '‘wculo
650 1774 813 1839 inter
850 1775 1177 1861 homines,
1219 1774 1595 1862 caeteroquin
1624 1773 1804 1855 genio
1824 1816 1845 1853 ,
1871 1788 2114 1855 tempe-

379 1873 706 1934 ramento,
758 1859 1120 1925 educatione
1152 1907 1173 1944 ,
1229 1860 1509 1923 moribus
1556 1859 1719 1921 inter
1772 1878 1834 1918 se
1877 1854 2115 1917 discre-

374 1960 625 2027 pantes,
679 1942 909 2031 judicia
959 1944 1242 2033 quaedam
1282 1959 1628 2008 constanter
1673 1938 2114 2005 consentientia

375 2026 455 2090 de
499 2029 685 2092 rebus
717 2029 1238 2116 quamplurimis,
1279 2030 1388 2094 etsi
1432 2028 1678 2114 reliqua
1717 2025 1975 2091 illorum
2009 2027 2117 2106 ju-

321 2172 324 2181 ,
378 2110 537 2192 dicia
582 2113 710 2174 sint
745 2112 1193 2197 diversissima3
1239 2138 1481 2178 necesse
1529 2113 1718 2195 igitur
1768 2126 1895 2184 est,
1935 2122 2007 2172 ut
2040 2107 2117 2170 sit

358 2214 713 2275 ¹commune
743 2198 1034 2260 omnibus
1066 2198 1483 2282 principium,
1510 2198 1611 2261 cui
1642 2220 1712 2261 ea
1736 2195 2114 2272 innitantur3

370 2276 551 2362 'atqui
585 2274 837 2341 nullutn
873 2279 1045 2341 aliud
1075 2279 1459 2363 principium
1500 2279 1812 2343 omnibus
1837 2277 2113 2341 homini-

380 2359 500 2424 bus
539 2358 874 2423 'commune
922 2361 1214 2440 assignari
1254 2378 1490 2443 potest,
1534 2384 1727 2446 quam
1767 2379 1980 2427 natura
2004 2386 2114 2425 ra-

379 2442 631 2509 tionalis
677 2443 761 2507 ob
796 2465 990 2529 quam
1020 2460 1167 2507 sunt
1206 2459 1267 2506 et
1307 2442 1603 2507 dicuntur
1636 2445 1917 2511 homines
1929 2472 1953 2523 3
1990 2448 2117 2528 igi-

376 2540 483 2610 tur
515 2527 742 2592 dantur
784 2525 1011 2610 judicia
1041 2529 1109 2591 in
1148 2543 1365 2610 natura
1400 2527 1685 2594 rationali
1709 2529 1980 2612 *fundata
2005 2554 2116 2595 seu

377 2634 457 2679 ex
497 2611 765 2679 naturali
802 2612 995 2676 animi
1040 2613 1451 2701 propensione
1489 2628 1644 2677 orta.

456 2789 579 2851 197.
623 2772 929 2831 senonen.
961 2772 1140 2832 Dictis
1170 2793 1281 2832 non
1318 2776 1500 2832 obstat
1525 2772 1627 2830 vix
1659 2781 1907 2847 unquam
1927 2790 2111 2829 omnes

373 2849 601 2906 omnino
637 2847 888 2906 homines
920 2848 981 2906 in
1011 2850 1156 2907 idem
1185 2849 1459 2922 judicium
1495 2846 1847 2924 conspirare3
1878 2846 1936 2904 id
1964 2847 2113 2906 enim

374 2922 652 2997 contingit
693 2941 764 2979 ex
795 2943 859 2981 eo
874 2964 895 2991 ,
934 2926 1082 2997 quod
1113 2925 1326 2999 aliqui,
1374 2923 1618 2982 distortis
1656 2922 1832 2980 animi
1868 2923 2113 2981 affectio-

372 2996 547 3054 nibus
572 2995 813 3053 nimium
853 2997 1192 3073 indulgendo
1214 3042 1232 3070 ‚
1277 3000 1584 3058 contrarios
1633 2998 1859 3057 habitus
1886 3011 2112 3058 contra-

373 3072 515 3132 hant
532 3114 551 3145 ‚
587 3091 742 3130 suam
780 3085 1034 3130 naturam
1069 3093 1398 3151 magnopere
1434 3077 1773 3151 depravent,
1806 3076 2030 3151 ejusque
2055 3075 2115 3134 in

370 3169 431 3209 se
460 3167 655 3208 vocem
694 3149 1058 3224 extinguant:
1104 3162 1186 3208 ast
1219 3170 1332 3208 non
1365 3153 1535 3228 magis
1570 3151 1703 3209 inde
1744 3151 1871 3226 quis
1909 3151 2113 3210 inserat

367 3224 721 3285 consentiens
760 3236 1076 3283 caeterorum
1103 3226 1353 3301 plurium
1388 3239 1442 3284 et
1478 3227 1649 3302 magis
1720 3229 1979 3286 roborum
2019 3231 2111 3302 ju-

370 3300 585 3360 dicium
626 3319 739 3359 non
779 3319 893 3359 esse
939 3302 1189 3361 naturale
1211 3344 1234 3371 ,
1279 3323 1445 3378 quam
1481 3314 1683 3361 natura
1704 3322 1792 3362 em
1838 3323 1951 3360 non
1994 3323 2109 3363 esse

370 3389 666 3451 parentum
714 3376 775 3437 in
815 3396 938 3436 suas
976 3379 1157 3452 proles
1207 3397 1445 3440 amorem
1467 3422 1486 3453 ‚
1539 3397 1611 3437 ex
1646 3397 1709 3437 eo
1745 3381 1891 3455 quod
1931 3377 2109 3454 aliqui

371 3451 587 3510 fuerint
616 3464 871 3530 parentes
893 3496 911 3524 ‚
943 3453 1006 3511 in
1044 3453 1250 3530 quibus
1292 3472 1485 3515 sensus
1527 3452 1623 3516 hic
1648 3455 1919 3515 naturalis
1952 3472 2107 3530 pror-

361 3544 466 3590 sus
496 3543 821 3608 suppressus
852 3540 910 3588 et
941 3529 1230 3595 'extinctus
1271 3530 1404 3592 fuit.
1575 3586 1580 3591 .
1903 3556 1908 3560 ·

880 274 1436 387 „de-Losicfass'
1751 290 1877 389 ζ“’
1977 268 2131 381 -÷7.1'1
2253 300 2264 313 ·

416 395 439 429 i
472 410 881 525 3⁵·“Ipsamet‘
916 425 1246 521 propensio
1285 421 1621 504 naturalis,
1658 398 1832 505 cujus
1855 420 2118 517 nosipsi
2187 434 2192 439 ·
