2707 4611
632 199 716 294 46
1322 201 1662 296 Tractattcs

1279 480 1415 526 LEX
1483 477 1791 536 QUARTA.

722 676 859 744 140.
906 680 1364 766 propositiones
1396 679 1718 743 contrarias
1749 700 1878 741 non
1910 695 2170 764 possunt
2197 674 2389 748 simul

633 783 760 828 esse
791 787 988 849 verae3
1032 765 1085 827 si
1134 765 1303 828 enim
1342 761 1531 828 simul
1572 787 1726 828 verae
1779 762 2029 847 forent,
2076 762 2375 834 deberent

636 870 849 912 earum
892 865 1111 914 asserta
1149 845 1336 913 simul
1372 848 1700 924 subsistere
1718 851 1749 932 ,'
1768 846 1942 935 quod
1987 869 2116 912 esse
2143 850 2387 936 nequit.

635 932 896 998 Possunt
937 950 1144 1006 tamen
1189 932 1376 997 simul
1412 955 1537 998 esse
1578 931 1805 1015 falsae,
1839 954 1989 997 nam
2025 954 2242 1000 earum
2282 931 2397 1000 3ε’-’

635 1034 791 1083 serta
831 1033 1085 1103 possunt
1120 1016 1310 1082 simul
1345 1039 1475 1100 nou
1516 1017 1864 1082 subsistere.
2408 1017 2417 1026 ’

1242 1249 1743 1330 conomnmm.

618 1451 621 1456 ’
721 1454 860 1522 141.
902 1456 1107 1540 Igitur
1155 1462 1324 1524 recte
1374 1457 1773 1524 concluditur
1824 1479 1855 1519 3
1898 1455 2149 1522 veritate
2195 1457 2384 1524 unius

631 1541 1087 1607 contrariarum
1129 1543 1206 1606 ad
1251 1542 1579 1609 falsitatem
1631 1541 1928 1626 alterius3
1992 1564 2124 1605 non
2169 1558 2381 1609 tamen

630 1624 895 1691 vicissim
936 1649 970 1689 a
1002 1626 1258 1693 falsitate
1297 1628 1486 1693 unius
1526 1627 1603 1692 ad
1640 1627 1956 1692 veritatem
1990 1624 2261 1692 alterius.

1251 1848 1384 1894 LEX
1439 1846 1705 1907 omnm.

720 2012 859 2079 142.
920 2014 1386 2102 Propositiones
1439 2014 1885 2081 subcontrariae
1947 2029 2195 2102 Possunt
2243 2034 2370 2079 esse

628 2095 820 2178 simul
859 2121 1014 2163 verae
1049 2124 1070 2184 3
1118 2118 1379 2186 possunt
1442 2100 1611 2166 enim
1655 2124 1872 2167 earum
1932 2117 2148 2165 asserta
2187 2096 2376 2165 simul

627 2182 959 2248 subsistere
986 2208 1006 2267 3
1044 2201 1115 2249 ut
1148 2183 1216 2249 in
1253 2185 1350 2249 his
1379 2207 1398 2253 ε
1433 2185 1666 2273 Aliqui
1697 2186 1988 2250 homines
2011 2195 2163 2250 sunt
2183 2184 2375 2261 docti,

626 2266 864 2355 Aliqui
900 2268 1190 2333 homines
1234 2293 1370 2335 non
1408 2282 1562 2337 sunt
1589 2271 1777 2352 docti.
1823 2270 1967 2337 Non
2004 2287 2264 2360 possunt
2290 2286 2383 2336 ta-

627 2375 775 2417 men
809 2353 1004 2433 simul,
1041 2378 1167 2420 esse
1205 2353 1411 2442 falsae3
1461 2358 1608 2421 cum
1654 2359 1822 2431 enim
1871 2381 1995 2421 una
2035 2380 2254 2423 earum
2290 2379 2405 2421 as·-

625 2454 790 2502 serat
806 2439 1223 2526 {praedicatum
1256 2441 1578 2529 aliquibus
1599 2441 1854 2523 subjecti
1873 2441 2209 2506 individuis
2234 2463 2387 2506 con-

626 2523 878 2608 venire,
924 2523 1108 2611 altera
1151 2529 1298 2589 vero
1346 2543 1570 2589 asserat
1605 2525 1770 2587 idem
1820 2523 2228 2606 praedicatum
2267 2524 2384 2589 ali-

591 2614 615 2642 *
674 2607 858 2672 uibus
892 2609 1163 2692 ejusdem
1201 2609 1460 2690 subjecti
1487 2605 1820 2669 individuis
1847 2627 1976 2668 non
2009 2608 2377 2689 convenire,

670 2693 760 2757 eri
803 2693 1064 2758 omnino
1102 2695 1324 2781 nequit
1375 2708 1447 2756 ut
1486 2689 1674 2753 unius
1719 2704 1944 2752 asserto
1984 2712 2118 2754 non
2151 2689 2378 2755 subsis-

603 2780 835 2863 tente,
876 2802 1004 2842 non
1045 2780 1330 2844 subsistat
1366 2791 1665 2839 assertum
1713 2772 2007 2860 alterius,
2066 2773 2242 2862 quod
2273 2792 2379 2841 ta-

626 2885 773 2928 men
809 2864 1157 2951 requiritur
1205 2881 1277 2930 ut
1314 2875 1566 2950 possent
1607 2857 1796 2925 simul
1841 2882 1969 2926 esse
2007 2859 2196 2928 falsae.
2366 2890 2375 2895 ·

1271 3080 1776 3132 conoLLARIUM.

714 3228 853 3295 143.
898 3227 1097 3314 Igitur
1134 3227 1300 3292 recte
1334 3248 1582 3319 semper
1619 3226 2015 3293 concluditur
2043 3249 2077 3288 a
2112 3220 2377 3287 falsitate

625 3313 813 3379 unius
829 3313 1400 3379 subcontrariarum
1449 3312 1528 3375 ad
1549 3313 1872 3378 veritatem
1921 3309 2223 3395 alterius3
2269 3305 2381 3370 sed

624 3422 754 3463 non
781 3401 1041 3464 vicissim
1077 3423 1110 3461 3
1141 3395 1392 3462 veritate
1426 3397 1614 3461 unius
1649 3395 1727 3461 ad
1752 3393 2075 3461 falsitatem
2103 3390 2378 3471 alterius·

2139 3531 2384 3599 sncno
