2707 4611
578 269 693 315 122
1226 312 1233 323 ¹
1272 266 1279 273 “
1306 243 1657 308 Tmo-tatus

676 364 869 450 Resp.
903 362 1182 447 negando
1214 361 1749 448 consequentiam.
1798 355 1985 422 Ratio
2030 370 2117 420 est
2148 352 2324 443 quod

581 449 933 532 subjectum
987 449 1159 511 istius
1207 446 1649 534 propositionis
1709 465 1785 507 ex
1823 441 2171 505 intentione
2215 439 2325 504 lo-

581 535 827 624 quentis
862 533 1266 614 restringatur
1305 555 1419 618 per
1457 548 1700 617 partem
1736 525 2095 612 praedicati,
2129 525 2212 599 ita
2251 539 2326 589 ut

584 641 794 682 sensus
831 619 910 682 sit
952 638 966 681 ε
1008 616 1255 697 Batavi,
1282 617 1390 700 qui
1424 631 1569 679 sunt
1606 629 1843 693 nautae,
1888 627 2034 673 sunt
2075 627 2145 675 ut
2178 607 2330 694 plu·-

579 704 817 768 rimum
864 703 1103 787 experti
1152 715 1353 764 nautae
1401 719 1415 764 :
1464 698 1635 785 quod
1672 718 1894 763 verum
1929 709 2039 765 est.

1212 855 1527 909 'INSTABIS
1584 849 1667 903 1.⁰

660 982 806 1048 Haec
840 972 1234 1068 propositio:
1277 975 1606 1048 Homines
1638 984 1789 1038 sunt
1826 972 1979 1049 albi,
1999 961 2326 1039 est'indefi·

581 1066 709 1130 nita
757 1068 824 1130 in
865 1064 1132 1133 materia
1174 1063 1610 1144 contingente3
1645 1058 1826 1153 atqui
1866 1054 2214 1122 reducenda
2242 1069 2335 1118 est

579 1151 656 1215 ad
700 1148 1157 1236 particularem.
2075 1182 2078 1185 -

662 1256 737 1320 P.
775 1256 840 1320 S.
882 1252 1395 1339 Quotiescunque
1416 1248 1556 1333 quis
1578 1247 1642 1310 lo
1688 1247 1901 1328 uitur,
1939 1238 2338 1330 praesumitur

588 1339 744 1405 velle
784 1362 924 1402 vera
964 1336 1184 1423 loqui,
1219 1335 1337 1398 nisi
1372 1348 1610 1397 constet
1686 1354 1720 1393 e
1763 1329 2076 1395 contrario
2120 1342 2225 1394 :at
2268 1324 2339 1389 ui

583 1420 695 1489 illa
730 1422 1069 1512 propositio
1120 1437 1270 1484 tunc
1314 1417 1523 1482 solum
1553 1413 1712 1480 ‘vera
1758 1430 1892 1500 est,
1948 1414 2105 1481 ‚dum
2143 1413 2201 1475 -h
2313 1424 2339 1473 t

586 1532 838 1575 sensum
889 1504 1324 1595 particularem
1358 1524 1374 1568 :
1415 1510 1563 1584 ergo
1601 1517 1718 1567 etc.

670 1631 860 1715 Resp.
890 1628 1169 1708 negando
1206 1624 1375 1687 subs.
1423 1623 1601 1687 Licet
1635 1621 1808 1685 enim
1852 1642 1985 1686 non
2038 1627 2343 1681 constaret

587 1713 867 1801 aliquem
910 1713 1174 1776 scienter
1223 1708 1383 1773 velle
1432 1707 1583 1772 falsa
1631 1704 1861 1792 loqui,
1908 1728 1983 1769 ex
2021 1698 2345 1764 communi
2431 1715 2438 1722 ·

592 1816 799 1864 tamen
845 1796 1145 1881 loquendi
1195 1793 1385 1856 modo
1427 1793 1569 1856 satis
1605 1790 1933 1855 innotescit
1966 1783 2344 1871 propositio-e

591 1907 739 1948 nem
781 1881 956 1946 illam
1004 1901 1130 1943 esse
1171 1877 1433 1960 falsam,
1475 1895 1852 1941 cumvsensus
1886 1870 2015 1948 ejus
2040 1864 2337 1958 naturalis

594 1987 656 2034 et
701 1968 917 2032 obvius
970 1962 1239 2052 postulet
1299 1979 1373 2026 ut
1419 1958 1799 2037 intelligatur
1840 1945 2266 2014 universaliter
2303 1963 2348 2009 A

595 2053 828 2117 etenim
862 2072 992 2114 non
1037 2070 1279 2134 semper
1316 2045 1551 2110 dandus
1587 2056 1678 2107 est
1715 2037 1824 2101 ille
1868 2055 2076 2098 sensus
2111 2048 2341 2127 propo-

597 2135 847 2218 sitioni,
887 2135 1000 2220 qui
1037 2132 1213 2197 illam
1252 2128 1536 2203 redderet
1564 2144 1814 2206 veram3
1859 2117 1963 2182 sed
1999 2117 2347 2200 inquiren-

595 2221 751 2286 dum
772 2220 1015 2308 estquis
1037 2218 1208 2284 illius
1233 2217 1312 2280 sit
1333 2236 1547 2279 sensus
1570 2210 1790 2276 obvius
1813 2252 1833 2289 ‚
1859 2201 2143 2290 quidque
2159 2195 2354 2263 verba

597 2309 940 2394 importent
991 2329 1065 2370 ex
1099 2300 1422 2369 communi
1457 2292 1765 2397 loquendi
1801 2288 1989 2356 modo
2025 2308 2041 2353 ε
2084 2301 2354 2376 tumque

597 2391 853 2457 demum
888 2391 965 2455 de
993 2390 1245 2455 veritate
1286 2402 1397 2457 aut
1435 2382 1694 2455 falsitate
1732 2371 2135 2460 judicandum
2162 2385 2272 2438 est,

1259 2555 1557 2610 thTAms
1615 2549 1709 2606 2⁰.

681 2694 872 2761 Haec:
914 2692 1085 2760 Sunt
1126 2682 1416 2757 homines
1447 2676 1589 2743 albi
1608 2723 1627 2754 ‚
1659 2674 1738 2738 ad
1776 2668 2220 2769 particularem
2259 2687 2354 2764 re-

608 2780 756 2864 duci
793 2779 980 2858 debet
999 2800 1020 2862 3
1064 2796 1213 2857 ergo
1263 2786 1323 2835 et
1362 2766 1537 2831 haec:
1583 2760 1913 2829 Hommes
1950 2764 2104 2819 sunt
2140 2749 2296 2817 albz.

588 2919 591 2922 ’
688 2897 880 2981 Resp.
907 2890 1191 2975 negando
1211 2878 1720 2970 consequentiam
1755 2892 1818 2940 et
1842 2872 2194 2969 paritatem..
2214 2865 2360 2931 Dis.-

653 2980 832 3043 aritas
874 2996 999 3059 est,
1038 2974 1215 3062 quod
1263 2969 1470 3057 prima
1514 2960 1856 3053 propositio
1890 2980 2021 3022 uon
2063 2973 2142 3020 stt
2176 2951 2362 3015 lude-*-

606 3004 780 3129 {inita
817 3077 1005 3149 prout
1024 3054 1332 3140 secunda3
1372 3054 1603 3117 etenim
1640 3071 1772 3111 nou
1795 3060 2036 3109 tantum
2063 3032 2365 3127 particula

608 3147 844 3233 aliquis
898 3162 1009 3228 aut
1064 3139 1285 3208 similis
1329 3137 1534 3201 reddit
1575 3129 2063 3221 propositionem
2098 3119 2363 3213 particu-

607 3232 845 3305 larem,
885 3230 992 3294 sed
1019 3244 1084 3291 et
1114 3224 1246 3290 aliae
1269 3268 1289 3306 ‚
1330 3244 1455 3303 v.g.
1491 3228 1645 3283 sunt
1660 3264 1682 3292 ,
1718 3215 1981 3295 dantur,
2026 3222 2362 3303 znyemunr

614 3328 760 3395 tur,
801 3330 919 3375 etc.
951 3358 968 3386 ,
1009 3334 1148 3397 quae
1181 3310 1252 3372 in
1287 3305 1469 3369 initio
1553 3297 1952 3388 ropositionis
1988 3305 2370 3383 posntaeeam

615 3394 1060 3488 particularem
1099 3392 1407 3473 reddunt3
1454 3327 1607 3451 tal’es
1636 3400 1779 3449 sunt
1806 3381 1902 3442 hae
1934 3397 1949 3441 t
1991 3375 2159 3438 Sunt
2181 3390 2369 3455 juve.-

614 3509 731 3556 nes
771 3487 1154 3550 constantes.
1198 3476 1482 3546 Dantur
1519 3469 1669 3562 libri
1699 3457 2037 3563 prohibiti.
