2707 4611
240 2189 250 2201 ’
340 2190 467 2240 ,aut
509 2173 696 2237 absur

953 260 957 270 ⁸
1002 284 1102 374 vwale
1139 310 1411 399 Logica.
1465 316 1480 329 ’“
1863 260 1868 269 ·
1986 286 2101 375 103

392 418 411 476 f
444 427 588 515 282.
633 422 950 515 Principia
994 429 1123 494 haec
1162 453 1236 495 ex
1279 429 1516 517 triplici
1558 428 1729 494 fonte
1772 441 2099 514 petuntnr3

346 515 585 601 enempe
611 536 741 577 ex:
761 534 878 576 usu
941 512 1242 602 loquendi
1291 530 1577 600 recepto,
1626 537 1700 578 ex
1758 511 2105 577 intentione

354 597 666 686 loquentis
684 594 845 677 '9⁴'vel
894 600 1142 682 tandem
1179 622 1254 662 ex
1301 599 1571 679 subjecta
1628 597 1907 662 materia.
1958 593 2104 680 Qua

305 737 321 745 -
352 691 547 768 'porro
592 684 827 767 ratione
868 684 1180 749 utendum
1211 682 1288 747 sit
1321 682 1556 769 triplici
1595 681 1719 748 hoc
1749 680 1963 764 fonte,
1999 703 2104 745 se-

242 820 250 827 ·
310 783 612 863 ‘'quentes
646 766 964 831 docebunt
1883 796 1890 802 «

819 946 1036 1042 Leges
1087 942 1622 1039 interpretandi.

1017 1260 1151 1308 LEX
1198 1257 1426 1308 PRIMA.

435 1415 602 1485 Usus
667 1416 971 1519 loquendi
1026 1417 1362 1502 exigendus
1415 1433 1505 1481 est
1560 1414 1639 1479 ad
1679 1437 1818 1480 eam
1855 1432 2109 1483 ”aetatem

356 1525 619 1589 eamque
643 1525 967 1586 regionem
987 1548 1008 1583 ‚
1039 1503 1109 1567 in
1129 1527 1254 1591 qua
1283 1519 1501 1567 auctor
1525 1500 1762 1564 librum
1783 1501 2111 1588 conscrip-

352 1588 472 1670 sit3
520 1602 745 1651 notum
789 1587 1104 1676 siquidem
1145 1604 1238 1653 est
1271 1586 1460 1676 plura
1500 1582 1799 1649 vocabula
1840 1585 2113 1651 decursu

354 1670 652 1757 temporis
697 1670 825 1736 vim
880 1688 944 1736 et
988 1687 1347 1758 potestatem
1385 1670 1738 1735 immutasse
1791 1690 1808 1734 ε
1867 1669 1945 1733 ad
1986 1669 2111 1735 hoc

356 1776 505 1820 vero
530 1753 886 1842 plurimum
917 1755 1214 1821 conducit
1238 1754 1502 1838 diligens
1536 1775 1787 1818 morum
1826 1754 2111 1836 gentium

351 1855 418 1903 et
437 1839 827 1928 antiquitatis
859 1839 1158 1905 studium.
1193 1837 1533 1923 Eligendus
1564 1859 1759 1925 porro
1788 1855 1877 1903 est
1899 1863 2117 1904 sensus
2159 1864 2164 1865 ’

351 1925 628 1989 maxime
663 1924 962 1988 naturalis
983 1969 1011 2006 ,γ
1031 1925 1083 1987 is
1117 1922 1352 1997 scilicet
1389 1946 1580 2010 quem
1613 1922 1799 1988 verba
1830 1924 2113 2009 primum

348 2024 539 2071 nacta·
561 2024 750 2091 sunt,
794 2030 912 2071 nec
958 2008 1037 2071 ab
1079 2031 1155 2073 eo
1197 2008 1319 2073 nisi
1358 2008 1526 2092 gravi
1568 2007 1645 2070 de
1690 2029 1869 2072 causa
1919 2031 2111 2073 rece-

351 2090 670 2174 dendum3
697 2091 899 2236 {fimus
922 2090 1086 2158 foret
1104 2092 1158 2156 si
1185 2115 1364 2159 secus
1387 2090 1751 2175 significatio
1775 2109 1882 2158 aut
1907 2091 2109 2179 nulla,

798 2220 820 2256 ‚
870 2190 978 2236 aut
1026 2176 1321 2242 instituto*
1360 2177 1635 2241 auctoris
1674 2200 1904 2263 parum
1952 2201 2114 2243 con-

342 2276 511 2336 *grua
547 2257 838 2321 oriretur.
877 2255 1086 2321 Nemo
1125 2278 1335 2325 autem
1378 2277 1467 2323 est
1498 2261 1768 2345 quinon
1807 2261 2009 2327 videat
2034 2264 2115 2328 ad

353 2340 488 2402 haec
525 2339 643 2406 rite
677 2337 1018 2425 praestanda
1044 2343 1284 2423 requiri
1305 2340 1651 2425 perfectam
1686 2342 1968 2408 notitiam
1990 2346 2117 2410 lin-

355 2447 529 2507 guae,
582 2422 652 2487 in
696 2444 823 2521 qua
873 2420 1036 2485 liber
1073 2423 1456 2510 conscriptus
1493 2441 1619 2510 est3
1669 2442 1728 2490 et
1766 2425 1884 2493 hac
1925 2431 2113 2508 etiam

355 2509 433 2572 de
475 2530 656 2572 causa
697 2505 893 2572 libros
923 2505 1656 2589 originalesversionibus
1689 2512 2109 2604 praeferimus3

355 2616 503 2659 cum
522 2640 547 2676 ‚
583 2591 964 2680 experientia
998 2607 1186 2677 teste,
1216 2592 1719 2682 frequentissime
1756 2600 2110 2685 contingat,

352 2696 426 2743 ut
471 2678 584 2766 qui
609 2675 1028 2743 translationis
1048 2676 1330 2745 laborem
1369 2679 1438 2743 in
1461 2701 1527 2743 se
1552 2681 1711 2746 susci
1759 2680 1809 2745 it
1825 2728 1848 2764 ,
1888 2686 2112 2771 exqui-

353 2764 467 2847 sita
507 2763 839 2867 utriusque
882 2762 1114 2849 linguae
1146 2764 1406 2830 notione
1442 2785 1576 2828 non
1611 2786 1693 2851 po
1746 2780 1867 2830 eat.

992 2965 1126 3041 LEX
1170 2966 1485 3016 SECUNDA.

344 3107 347 3110 ’
437 3111 710 3177 Intentio
745 3111 1056 3201 loquentis
1080 3136 1153 3177 ex
1188 3113 1654 3200 definitionibus
1686 3118 1764 3183 ab
1800 3117 1935 3207 ipso
1954 3139 2106 3187 auc-

351 3211 489 3261 tore
552 3197 790 3262 statutis
850 3196 1186 3262 clarissime
1236 3198 1474 3265 relucet
1527 3222 1542 3267 :
1597 3201 1730 3269 haec
1768 3203 1818 3268 si
1856 3204 2055 3273 desint
2082 3252 2104 3291 ,

357 3281 638 3369 exempla
655 3281 995 3366 singularia
1011 3305 1152 3370 quae
1171 3306 1639 3374 nonnunquam
1660 3286 2105 3376 adjunguntur,

313 3387 317 3391 ·
352 3366 694 3450 praesertim
716 3368 765 3431 si
802 3367 1226 3433 abstractionis
1247 3392 1365 3458 ope
1402 3370 1470 3434 in
1505 3372 1871 3439 universalia
1895 3391 2105 3440 trans-

355 3466 717 3537 mutentur,
762 3451 1024 3539 planam,
1052 3451 1214 3518 viam
1247 3471 1534 3520 sternunt
1584 3457 1661 3521 ad
1698 3460 2120 3542 detegendam·

357 3537 621 3602 auctoris
653 3554 951 3604 mentem.
978 3536 1219 3606 Deinde
1250 3562 1628 3629 magnopere
1658 3542 2102 3612 attendendum
2169 3594 2178 3604 .
