2707 4611
602 80 610 109 ι

600 114 611 201 ι’
695 144 814 211 114
1210 120 1215 134 ⁶
1427 143 1767 209 Tinctum

596 228 611 341 ff
687 266 759 331 in
801 280 1003 351 partes
1051 287 1304 351 prorsus
1341 264 1681 330 contrarias
1719 263 1947 327 abeant
1984 272 2449 348 concertantes,

606 358 613 405 Ξ
692 370 811 415 nec
845 372 975 415 sese
1011 367 1231 414 mutuo
1264 349 1647 431 intelligant,
1706 358 1958 432 totaque
1996 345 2251 411 tandem
2289 369 2449 413 con-⁶

594 440 615 521 {s
696 434 952 501 certatio
990 434 1058 497 in
1097 431 1392 498 inutilem
1432 432 1510 496 de
1550 430 1857 498 vocabulo
1894 430 2075 496 litem
2100 430 2450 515 degeneret.

1192 631 1196 636 ,
1350 577 1499 621 LEX·
1528 574 1790 623 TERTIA.
2416 636 2420 643 Ι

775 645 1296 713 Concertantibus
1335 645 1459 709 sint
1487 648 1772 734 quaedam
1813 645 2126 731 principia
2149 693 2170 729 ‚
2213 646 2282 709 in
2315 646 2454 732 q'u‘i-

588 738 611 763 '·
668 733 817 800 “bus
851 731 1269 814 conveniunt3
1300 752 1447 794 cum
1487 732 1652 796 enim
1688 727 2078 794 conclusioni
2117 733 2321 813 majus
2359 753 2453 794 ro-

694 815 821 880 bur
884 816 1238 902 competere
1285 831 1554 899 nequeat
1638 837 1786 878 uam
1823 814 2134 900 principio
2173 813 2343 878 unde
2386 825 2452 876 ea

696 898 961 986 profluit
981 922 1005 982 3
1052 899 1170 963 nisi
1208 897 1376 960 istud
1430 898 1508 961 sit
1547 922 1580 962 a
1627 901 1888 962 versario
1932 915 2176 962 certum
2205 944 2226 980 ‚
2281 921 2456 962 nun-

746 1002 893 1048 uam
916 982 1021 1044 hic
1048 982 1126 1045 de
1150 979 1566 1046 conclusionis
1605 982 1857 1046 veritate
1886 983 2169 1047 convinci
2200 982 2453 1067 poterit.

744 1067 801 1130 ic
852 1065 1142 1128 Judaeum
1203 1061 1572 1130 convincere
1626 1080 1874 1151 nequeo
1931 1090 2007 1129 ex
2065 1066 2242 1129 libris
2294 1058 2456 1130 Novi

698 1147 1132 1227 Testamenti,
1196 1162 1343 1212 'cum
1388 1149 1493 1213 hic
1548 1162 1770 1213 eorum
1818 1150 2201 1240 divjnitatem
2255 1166 2456 1231 neget.
2551 1208 2564 1213 -

705 1230 984 1319 Quando
1017 1246 1226 1295 autem
1257 1231 1590 1318 principiis
1625 1231 1797 1298 falsis
1829 1235 1923 1299 uti
1953 1234 2137 1319 licet,
2171 1249 2314 1299 ante
2341 1234 2459 1298 dic-

705 1333 844 1384 tum
889 1312 1011 1379 fuit
1045 1314 1071 1400 (
1096 1315 1213 1380 265
1233 1327 1288 1391 ).
1601 1321 1606 1329 ’

900 1450 903 1455 ,
1344 1412 1486 1464 LEX
1552 1418 1871 1476 QUARTA.

785 1472 1199 1550 Refutaturus
1238 1479 1497 1548 alterius
1526 1488 1937 1563 sententiam,
1981 1485 2079 1551 vel
2113 1488 2312 1573 ipsam
2350 1486 2459 1551 imi-

703 1568 968 1666 mediate
987 1604 1009 1643 ,-
1053 1565 1150 1631 vel
1186 1566 1495 1653 principia
1531 1593 1608 1634 ex
1646 1572 1884 1657 quibus
1927 1573 2307 1636 adversarius
2328 1594 2467 1636 eam

704 1650 988 1734 deducit,
1030 1649 1446 1733 aggrediatur.
1495 1655 1786 1719 Primum
1824 1656 2348 1721 demonstratione
2382 1654 2468 1720 di-

704 1750 874 1835 recta
908 1731 1008 1833 yel
1038 1735 1350 1832 indirecta
1384 1737 1611 1803 confici
1637 1741 1905 1826 poterit,
1942 1740 2131 1827 idque
2165 1729 2470 1807 versando

706 1842 832 1884 sive
871 1832 1033 1883 circa
1074 1838 1273 1904 ipsam
1317 1823 1686 1886 sententiam
1712 1870 1732 1904 ‚
1772 1826 1896 1887 sive
1940 1825 2103 1886 circa
2148 1840 2465 1889 consecta-

705 1903 879 1968 rium
913 1901 1125 1986 illius,
1165 1903 1352 1968 modo
1397 1900 1520 1969 hoc
1559 1905 1742 1988 plane
1781 1928 1853 1965 ac
1894 1905 2172 1982 legitime
2219 1927 2292 1966 ex
2328 1905 2349 1964 i
2395 1926 2461 1967 sa

706 1987 1017 2075 profluat3
1074 1986 1173 2051 vel
1222 1989 1498 2053 secundo
1539 1989 1669 2072 ipsa
1709 1984 2017 2068 principia
2065 1984 2326 2049 refellen
2375 2009 2459 2072 03

708 2069 811 2134 vel
851 2071 927 2133 iis
949 2068 1132 2152 gratis
1156 2072 1429 2137 admissis
1446 2084 1476 2157 ,“
1492 2068 1867 2134 ostendendo
1893 2067 2118 2134 thesim
2142 2071 2311 2136 exiis
2335 2093 2465 2136 non

709 2154 982 2240 legitime
1020 2156 1220 2241 sequi.

1331 2299 1465 2358 LEX
1519 2286 1789 2358 QmN‘r'A.

796 2377 933 2467 Qui
968 2382 1038 2445 in
1080 2383 1539 2448 concertatione
1567 2399 1786 2447 tuetur
1818 2400 2060 2470 partem
2089 2384 2462 2467 negativam,

714 2480 846 2527 non
884 2480 1134 2531 tenetur
1170 2467 1356 2530 aliam
1394 2466 1740 2546 negationis
1786 2490 1914 2529 suae
1963 2468 2276 2532 rationem
2320 2470 2468 2535 red-

716 2546 863 2614 dere
902 2572 1094 2650 quam
1129 2549 1301 2638 quod
1335 2564 1703 2627 argumenta
1746 2549 2076 2613 adversarii
2106 2552 2276 2615 nihil
2315 2577 2475 2637 pro-

715 2632 903 2701 bent:
930 2635 996 2699 1d
1019 2658 1165 2702 vero
1200 2655 1329 2699 non
1360 2629 1680 2696 obtinetur
1711 2631 2105 2712 generalibus
2134 2634 2475 2733 dubiisque

715 2720 1022 2805 responsis
1046 2768 1066 2796 ,
1114 2720 1222 2786 sed
1277 2715 1538 2784 omnino
1581 2735 1826 2779 necesse
1872 2732 2002 2790 est,
2051 2734 2123 2781 ut
2165 2740 2234 2780 ea
2271 2718 2474 2785 solide

716 2803 1087 2869 refutentur.

870 2968 874 2973 .
1386 2908 1526 2958 LEX
1573 2896 1804 2955 SEXTA.
2247 2955 2250 2956 a

802 2975 937 3065 Qui
978 2979 1473 3068 propositionem
1511 3003 1691 3045 suam
1719 3003 1947 3045 *veram
1989 3003 2115 3049 esse
2136 3026 2158 3065 ‚
2199 2995 2307 3047 aut
2346 3003 2475 3081 op-

715 3064 974 3149 positam
1023 3086 1213 3150 quam
1247 3083 1465 3148 negat,
1508 3064 1959 3153 impossibilem
1992 3066 2432 3132 demonstravit
2451 3115 2474 3151 ,

717 3147 797 3211 ad
833 3148 994 3213 nihil
1026 3145 1295 3233 amplius
1320 3163 1603 3233 tenetur3
1653 3170 1768 3232 nec
1806 3148 2150 3233 prudenter
2184 3148 2319 3230 cogi
2352 3173 2479 3235 po«
2517 3171 2526 3176 ·

716 3245 870 3313 test,
910 3248 983 3297 ut
1017 3229 1386 3318 respondeat
1422 3231 1873 3315 objectionibus
1915 3256 2053 3320 quae
2095 3257 2131 3296 a
2172 3232 2476 3319 pertina-

716 3312 895 3377 cibus
918 3323 998 3379 'ac
1031 3313 1312 3403 scepticis
1351 3315 1743 3382 accumulari
1780 3316 2001 3382 solent.

1245 3434 1435 3501 Binis
1454 3438 1759 3502 secundoe
1768 3434 2007 3521 partie.
