2707 4611
707 274 826 335 116
1403 268 1747 333 Tractatus

704 403 1168 477 repraesentaret
1211 405 1387 453 notas
1427 388 1589 453 inter
1617 412 1681 452 se
1721 406 2139 475 repugnantes
2174 408 2250 456 ut
2272 456 2278 463 ,
2303 415 2463 458 con-

702 478 941 557 junctas
974 476 1041 538 in
1081 471 1296 536 eadem
1331 496 1441 549 re,
1482 473 1755 536 concedo
1774 473 2263 561 subsumptum:
2347 502 2466 542 ua-

701 576 882 623 tenus
913 557 1333 622 consideratur
1356 573 1430 628 ut
1451 573 1890 644 repraesentans
1925 581 2099 623 veras
2121 577 2294 624 notas
2366 562 2464 646 ei,

702 646 930 730 nempe
988 656 1301 705 summam
1346 641 1852 725 perfectionem,·
1894 643 2413 730 omnipotentiam
2439 693 2463 730 ‚

705 743 819 792 etc.
838 773 871 811 ³,
897 749 1059 809 nego
1089 726 1550 812 subsumptam.

1360 874 1653 919 INSTABIS
1710 876 1736 920 1
1748 869 1796 917 ⁰.

785 982 930 1048 Idea
976 1007 1117 1070 quae
1156 982 1432 1046 termino
1480 982 1655 1046 inani
1697 980 2068 1128 exprimitur
2110 1001 2200 1047 est
2235 982 2472 1073 decep-

698 1068 864 1133 trix:
918 1068 1091 1152 atqui
1136 1065 1272 1129 idea
1298 1066 1415 1130 Dei
1461 1069 1526 1129 in
1555 1090 1698 1131 casu
1728 1089 1766 1130 o
1811 1070 1966 1151 jecto
2007 1069 2274 1133 termino
2294 1069 2473 1133 inani

702 1151 1113 1240 exprimitur:
1155 1173 1302 1233 ergo
1350 1168 1436 1214 est
1478 1151 1817 1237 deceptrix.
2273 1193 2277 1197 -

756 1271 973 1353 Proh.
998 1269 1165 1332 subs.
1194 1267 1369 1355 Deus
1409 1292 1752 1354 corporeus
1786 1287 1873 1334 est
1899 1271 2204 1335 terminus
2226 1270 2424 1336 inanis
2439 1293 2469 1351 ‚⁶

699 1355 870 1443 atqui
916 1352 1084 1417 Deus
1104 1354 1361 1438 ‘concipi
1393 1356 1773 1439 supponitur
1799 1372 1869 1420 ut
1899 1376 2279 1442 corporeus:
2317 1378 2465 1439 ergo

703 1444 835 1523 ejus
867 1438 1002 1501 idea
1037 1437 1104 1499 in
1135 1461 1277 1500 casu
1316 1438 1558 1520 objecto
1596 1440 1868 1504 termino
1888 1440 2058 1504 inani
2078 1441 2465 1527 exprimitur.

785 1560 971 1643 Resp.
995 1557 1133 1622 dist.
1160 1580 1581 1642 consequens:
1622 1583 1771 1641 ergo
1816 1559 1954 1624 idea
1999 1559 2116 1626 Dei
2166 1560 2464 1625 exhibens

705 1642 1088 1711 divinitatem
1114 1662 1173 1706 et
1205 1665 1436 1729 corpus
1477 1660 1551 1706 ut
1587 1649 1916 1728 conjuncta
1942 1693 1963 1730 ‚
2006 1646 2272 1709 termino
2300 1645 2473 1711 inani

705 1725 1119 1811 exprimitur,
1190 1726 1465 1790 concedo
1505 1745 1743 1794 totum:
1793 1754 1942 1813 ergo
1997 1730 2132 1794 idea
2175 1730 2473 1794 exhibens

703 1809 913 1877 Deum
968 1824 1041 1871 ut
1084 1832 1193 1871 ens
1241 1834 1488 1875 summe
1527 1814 1938 1897 perfectum.
1973 1815 2241 1877 termino
2290 1814 2473 1876 inani

702 1891 1075 1980 exprimitur
1098 1939 1118 1976 ‚
1139 1915 1299 1975 nego
1325 1897 1855 1978 consequentiam.
1874 1895 2228 1957 Notandum
2246 1894 2464 1977 itaque

701 1980 958 2042 idiotam
984 1976 1169 2040 illum
1209 1978 1441 2042 habere
1459 1981 1603 2041 duas
1623 1977 1782 2037 ideas
1801 1998 1821 2058 3
1841 1997 2032 2037 unam
2049 1974 2418 2061 primariam
2437 2024 2464 2051 ,

700 2064 772 2125 in
868 2087 947 2124 ua
988 2061 1151 2124 nihil
1212 2077 1678 2149 repraesentatur
1720 2075 1944 2144 praeter
1985 2082 2302 2122 summam
2339 2059 2469 2126 Dei

701 2169 817 2234 per
848 2146 1196 2231 ectionem3
1238 2148 1496 2213 alteram
1529 2143 1958 2209 secundariam
1980 2190 2001 2224 ,
2036 2144 2107 2206 in
2133 2166 2264 2230 qua
2295 2167 2474 2208 sum-

702 2256 810 2297 ma
852 2232 1156 2320 perfectio
1204 2250 1265 2297 et
1320 2229 1700 2319 corporeitas
1737 2244 1813 2293 ut
1851 2231 2182 2311 conjuncta
2228 2251 2472 2317 reprae-

701 2337 1024 2383 sentantur
1056 2340 1071 2385 2
1117 2321 1240 2401 jam
1280 2340 1430 2383 vero
1470 2315 1854 2380 admittimus
1904 2315 2106 2378 ideam
2140 2312 2318 2378 illam
2368 2338 2466 2380 se-

707 2403 1075 2466 cundariam
1127 2427 1251 2466 esse
1283 2401 1742 2488 deceptricem,
1768 2415 1830 2463 et
1861 2400 2207 2464 terminum
2229 2421 2460 2465 corres-

693 2485 1085 2585 *ponden-tem
1125 2486 1412 2550 inanem:
1454 2485 1751 2566 primaria
1788 2500 1997 2548 autem
2036 2501 2123 2547 est
2164 2507 2307 2548 vera
2348 2481 2470 2548 Dei

701 2570 883 2653 1dea‚
944 2596 1092 2637 cum
1134 2594 1246 2657 per
1294 2566 1470 2630 illam
1516 2566 1688 2631 Deus
1723 2591 1759 2631 a
1809 2590 1882 2632 re
1929 2591 2305 2655 quacunque
2345 2566 2473 2630 alia

702 2655 1083 2722 sufficienter
1113 2653 1552 2735 distinguatur.

1367 2811 1665 2861 INSTABIS
1716 2808 1809 2859 2⁰.

786 2928 982 3012 Atqui
1011 2913 1127 2991 nec
1165 2925 1301 2989 idea
1333 2925 1446 2991 illa
1483 2923 1783 3013 primaria
1822 2939 1911 2989 est
1947 2947 2088 2989 vera
2125 2924 2265 2989 idea
2302 2924 2417 2990 Dei
2439 2954 2469 3006 ‚-

703 3031 851 3092 ergo
890 3010 1065 3075 nulla
1100 3009 1355 3075 soluti0.

782 3121 976 3187 Proh.
1005 3122 1175 3186 subs.
1196 3120 1379 3186 Falso
1423 3122 1721 3209 supponit
1744 3123 1975 3188 solutio
2010 3121 2181 3209 quod
2203 3120 2370 3185 Deus
2393 3124 2475 3188 in

700 3228 845 3348 ‹fzasu
879 3206 1240 3290 objectionis
1259 3209 1507 3294 concipi
1542 3208 1730 3296 possit
1776 3225 1849 3272 ut
1883 3230 1990 3273 ens
2021 3227 2261 3269 summe
2305 3227 2472 3292 per-

735 3305 962 3352 ectum.
1186 3313 1192 3322 ·

776 3404 968 3468 Proh.
992 3423 1402 3493 assumptum.
1422 3409 1489 3473 Si
1548 3409 1644 3473 uis
1662 3410 1928 3489 figuram
1946 3406 2280 3495 quamdam
2296 3432 2466 3474 con-

703 3490 935 3578 ciperet
979 3507 1049 3554 ut
1087 3494 1445 3574 quadratam
1464 3537 1484 3573 ‚
1513 3493 1532 3553 i
1561 3492 1684 3555 lam
1709 3514 1835 3553 non
1869 3508 2070 3576 posset
2084 3491 2201 3557 sibi
2219 3518 2462 3582 reprae..
