2707 4611
1028 273 1104 338 de
1152 272 1426 362 Logica.
1956 251 1959 254 Ἴ
2016 299 2095 365 27

284 394 292 401 ’
335 416 590 486 ‘genera
608 415 668 463 et
683 393 913 484 species
930 393 1201 460 distincte
1222 395 1612 461 reducuntur
1646 415 1664 463 ε
1695 393 1780 459 sic
1801 395 2098 482 optimam

361 486 577 553 condis
625 481 894 547 hominis
944 479 1359 546 definitionem
1399 481 1605 545 dicens
1667 501 1684 547 τ
1744 480 1967 546 Homo
2006 494 2100 547 est

361 562 621 636 animal
655 564 986 632 rationale.

453 689 555 774 73.
598 686 818 769 Ingens
840 698 928 750 est
954 683 1324 747 definitionis
1352 700 1516 748 recte
1537 683 1823 748 adhibitae
1847 682 2100 750 utilitas.

363 772 685 857 Imprimis
724 771 890 833 enim
936 792 1048 854 per
1094 790 1231 832 eam
1277 769 1685 833 terminorum
1738 766 2104 851 significatio

361 856 609 941 figitur,
649 851 1015 939 tolliturque
1049 843 1202 916 adeo
1240 851 1580 916 obscuritas
1612 869 1670 915 et
1704 851 2102 937 aequivocatio

359 940 850 1021 vocabulorum,
888 955 1073 1024 atque
1117 931 1266 1001 inde
1306 936 1483 1016 variae
1525 935 1797 1000 vitantur
1842 936 2104 1001 alterca—

357 1028 590 1107 tiones»,
624 1049 704 1089 ex
747 1021 1144 1105 ambiguitate
1184 1019 1366 1106 sequi
1389 1018 1612 1100 solitae,
1702 1039 1808 1083 uas
1844 1021 1984 1084 lites
2020 1023 2100 1085 de

339 1106 1130 1196 ‘nomine.(logomaclzies)
1159 1104 1380 1189 passim
1418 1119 1650 1168 vocant.
1764 1119 1786 1168 t
1820 1123 1880 1169 et
1908 1105 2097 1172 altera

358 1193 735 1259 definitionis
765 1190 994 1256 utilitas
1027 1190 1093 1253 i'n
1121 1189 1292 1251 omni
1318 1186 1629 1288 disciplina
1668 1187 1954 1254 latissime
1980 1216 2102 1279 pa·-

358 1297 534 1359 tens‚
573 1295 799 1364 nempe
836 1274 1008 1362 qu'od
1044 1273 1252 1338 locum
1293 1273 1582 1359 principii
1613 1273 1682 1335 in
1715 1267 2103 1339 demonstra-

358 1364 642 1428 tionibus
691 1378 934 1441 teneat,
985 1381 1095 1423 seu
1143 1358 1339 1443 prima
1389 1358 1657 1442 praebeat
1703 1357 2106 1422 ratiocinandi

356 1447 674 1534 principia
702 1491 723 1526 ‚
780 1461 854 1507 ut
900 1442 1046 1506 inde
1092 1441 1472 1522 deducantur
1508 1486 1528 1522 ‚
1585 1462 1728 1525 quae
1784 1438 1861 1502 de
1921 1442 2107 1507 rebus

362 1531 659 1612 cognosci
691 1541 984 1612 possunt3
1024 1549 1167 1591 nam
1194 1526 1301 1590 ubi
1324 1541 1545 1588 natura
1580 1522 1792 1590 idealis
1812 1548 1926 1610 per
1956 1525 2109 1588 defi—

366 1613 678 1675 nitionem
730 1609 991 1674 stabilita
1039 1627 1122 1674 est
1150 1657 1170 1693 ‚
1230 1609 1409 1673 variae
1455 1609 1602 1673 inde
1649 1609 2107 1674 consecutiones

307 1709 314 1717 '
365 1695 768 1760 deducuntur
806 1710 868 1758 et
898 1695 1168 1761 veritates
1204 1695 1583 1777 deteguntur
1610 1737 1630 1775 ‚
1676 1707 1941 1778 quarum
1966 1713 2109 1757 om-

363 1780 548 1844 nium
583 1778 860 1844 collectio
881 1779 1210 1865 perfectam
1231 1778 1730 1866 completamque
1748 1778 2063 1842 'scientiam
2086 1824 2109 1862 ‚

357 1864 427 1928 in
476 1888 603 1927 una
647 1863 761 1927 hac
807 1863 1167 1929 definitione
1210 1881 1507 1949 tanquam
1548 1861 1957 1930 fundamento
2004 1863 2110 1925 in·
2191 1865 2203 1873 “
2264 1859 2269 1866 ’

352 1950 607 2031 nixam,
646 1949 976 2014 constituit.
1023 1948 1385 2014 Notandum
1417 1965 1682 2029 tamen‚-
1707 1947 1919 2010 omnia
1965 1970 2107 2032 quae

350 2032 614 2096 deducta
654 2032 829 2098 fuere
874 2034 933 2097 ei
977 2050 1221 2097 tantum
1256 2034 1349 2097 rei
1387 2033 1754 2114 convenire,
1797 2031 1899 2095 cui
1945 2030 2108 2096 defi-

355 2117 661 2178 nitionem
708 2117 1035 2181 convenire
1088 2117 1563 2204 comprohatum
1628 2134 1752 2198 est,
1809 2132 1866 2180 et
1896 2116 2109 2180 omnia

362 2218 657 2261 corruere
684 2201 1152 2283 quamprimum
1172 2201 1627 2267 demonstratur
1647 2200 1993 2265 definitioni
2010 2199 2110 2266 illi

365 2278 574 2344 ideam
604 2295 850 2344 tantum
883 2283 1364 2365 correspondere
1392 2285 1830 2369 deceptricem.
1898 2285 1901 2288 ’

868 2441 1180 2515 CAPUT
1222 2444 1625 2518 SEXTUM.

919 2684 920 2687 Ἴ
996 2612 1108 2676 'De
1147 2613 1478 2681 divisione.

444 2779 547 2867 74.
574 2777 829 2844 Divisio
866 2790 956 2844 est
985 2779 1175 2847 'totius
1210 2781 1280 2845 in
1314 2791 1455 2846 suas
1484 2788 1684 2868 pestes
1710 2778 2064 2848 distributio
2081 2807 2108 2870 3

363 2879 436 2927 ut
478 2863 694 2929 divisio
727 2864 1011 2928 animalis
1044 2867 1112 2928 in
1149 2866 1478 2930 hominem
1514 2883 1572 2930 et
1607 2867 1867 2930 brutum
1901 2886 1920 2933 z
1958 2867 2110 2936 item

361 2946 579 3011 divisio
613 2946 779 3030 globi
804 2946 1123 3036 terraquei
1149 2949 1218 3014 in
1240 2949 1562 3038 Europam
1581 2998 1603 3037 ‚
1639 2949 1888 3025 Asiam,
1934 2951 2108 3020 Afri-

359 3056 502 3103 cam
539 3049 601 3096 et
639 3033 1011 3098 Americam.

412 3125 678 3220 ⁴Totum
710 3128 881 3225 quod
920 3138 989 3202 in
1018 3162 1155 3221 suas
1191 3156 1393 3228 partes
1406 3130 1815 3225 distribuitur
1851 3158 2105 3209 vocatur

354 3214 676 3305 divisumf
723 3240 789 3288 et
842 3241 1044 3311 partes
1097 3226 1167 3288 in
1223 3248 1378 3314 quas
1420 3215 1715 3292 dividitur
1739 3271 1762 3312 ,
1812 3224 2106 3295 membm

356 3307 735 3372 dividentia.
1268 3329 1276 3337 ·

469 3413 570 3495 75.
613 3412 786 3479 Idem
838 3414 1101 3479 divisum
1139 3415 1255 3480 sub
1291 3415 1533 3496 diverso
1569 3428 1853 3504 respectu
1889 3417 2106 3481 consi-

360 3493 646 3565 deratum
699 3499 867 3567 varie
913 3498 1290 3590 quandoque
1332 3499 1621 3567 distribui
1673 3512 1890 3587 potest.
1939 3501 2013 3567 Id
2052 3499 2106 3563 si
