2707 4611
680 243 710 286 ι
724 242 796 285 ιο
1295 274 1309 285 .
1430 219 1773 287 'tractatae

674 361 888 406 vocem
920 340 1300 428 aequivo'cam
1337 335 1665 424 designatae
1716 341 1994 427 aliquam
2033 343 2208 408 inter*
2231 368 2294 411 se
2333 360 2429 412 red

596 504 597 507 ,
673 423 971 491 lationem
1023 425 1274 490 hahent.
1344 424 1511 490 Gum
1575 447 1726 509 ergo
1786 427 2041 492 vocibus
2097 431 2428 517 aequivocis

676 509 956 593 utimur,
998 509 1242 575 auditor
1291 509 1406 573 vel‘
1437 508 1631 575 lector
1678 528 2136 597 praemoneatur
2185 538 2317 600 quo
2364 516 2442 590 in*

670 616 857 660 sensu
879 596 952 658 iis
993 613 1283 676 utamur,
1324 593 1441 656 nisi
1489 617 1585 658 res
1625 617 1742 681 per
1778 619 1841 660 se
1877 595 2044 661 clara
2081 598 2207 667 sit:
2264 599 2431 688 quod
2473 625 2477 631 ·
2517 666 2522 671 ,

672 696 823 743 tunc
854 680 1167 766 praecipue
1195 678 1329 741 fieri
1371 677 1592 763 debet,
1643 679 1796 744 dum
1832 680 1900 743 in
1937 679 2247 748 continuo
2298 708 2433 747 ser—

672 763 875 829 monis
920 763 1192 828 decursu
1229 762 1514 826 eamdem
1567 787 1782 828 vocem
1816 765 1886 827 in
1920 765 2155 829 diversa
2191 768 2434 848 signifi-

675 850 921 913 catione
972 848 1338 911 adhibemus
1382 870 1406 929 ς
1471 869 1584 910 nee
1640 847 1829 912 facile
1881 854 2431 938 praesumendum,

672 933 1026 997 audientem
1068 932 1133 995 id
1181 956 1258 996 ex
1317 930 1618 1015 adjunctis
1670 933 1811 996 satis
1868 934 2158 1016 colligere
2212 959 2433 1021 posse,

672 1041 821 1082 cum
860 1017 1218 1083 auditorum
1239 1039 1417 1080 mens
1450 1016 1656 1080 sensui
1682 1017 1876 1099 semel
1898 1018 2164 1098 stabilito
2188 1020 2425 1087 intenta

669 1108 829 1189 s'aepe
868 1101 945 1164 ad
985 1124 1054 1164 ea
1091 1099 1380 1183 adjuncta
1412 1124 1543 1165 non
1583 1101 1879 1167 reflectat.
2344 1114 2347 1121 ’

755 1251 846 1303 2.⁰
888 1241 1153 1325 Propter
1195 1239 1667 1322 ambiguitatem
1711 1242 2225 1327 significationis3
2285 1268 2434 1311 cum

672 1325 841 1387 enim
880 1323 1031 1387 ideae
1047 1322 1301 1400 vocibus
1325 1326 1766 1409 respondentes
1784 1346 1856 1393 ut
1876 1328 2230 1413 plurimum
2252 1351 2434 1394 com-

668 1408 873 1495 plexae
900 1409 1059 1491 sint,
1095 1409 1671 1497 atquecomplexio
1706 1411 1838 1477 haec
1882 1414 1950 1475 in
1992 1413 2175 1476 variis
2218 1413 2431 1478 homi-

672 1494 856 1558 nibus
888 1493 1052 1557 varia
1092 1494 1208 1559 sit:
1251 1493 1402 1557 hinc
1449 1493 1613 1559 idem
1653 1496 2036 1562 vocabulum
2076 1498 2146 1562 in
2177 1520 2286 1562 ore
2329 1498 2432 1562 di-

667 1601 989 1642 versorum
1002 1577 1311 1642 diversum
1328 1576 1611 1645 idearum
1630 1579 1991 1666 partialium
2008 1582 2431 1668 complexum„

667 1661 948 1747 adeoque
999 1660 1299 1727 diversam
1344 1661 1552 1728 ideam
1591 1665 1912 1750 significat.
1958 1666 2269 1754 Exemplo
2315 1671 2438 1735 sint

669 1767 846 1810 voces
893 1748 1198 1823 justam¹‚
1261 1747 1623 1833 injustum,
1685 1751 1929 1829 honor,
1976 1752 2226 1839 gloria,
2262 1779 2389 1841 pes
2415 1803 2435 1830 ,

669 1830 856 1916 virga
871 1878 893 1908 ,
931 1829 1152 1904 leuca,
1182 1855 1469 1931 magnus
1490 1881 1512 1908 ‚
1536 1857 1792 1920 parvus
1811 1883 1833 1910 ,
1866 1854 1930 1900 et
1959 1854 2233 1901 centenae
2264 1839 2439 1920 aliae,

670 1917 904 2003 quibus
963 1915 1032 1977 in
1085 1915 1337 1979 diversis
1397 1917 1759 1985 hominibus
1821 1920 2094 1981 diversus
2146 1919 2432 1982 idearum

669 2000 1031 2086 complexus
1079 2001 1430 2085 respondet.
1487 2001 1649 2065 Huic
1701 2021 1890 2083 porro
1946 1999 2306 2063 obscuritati
2349 2024 2428 2064 ex

668 2084 940 2148 naturali
978 2107 1203 2161 vocum
1238 2085 1715 2173 ,imperfectione
1750 2079 2033 2147 oriundae
2056 2081 2426 2166 medemur,

672 2181 760 2234 1⁰.
808 2187 1090 2234 accurata
1140 2169 1591 2235 vocabulorum
1636 2165 2047 2250 definitione3
2110 2179 2199 2230 2⁰.
2252 2168 2431 2232 adhi-

665 2253 875 2320 bendo
910 2254 1289 2321 vocabulum
1316 2254 1759 2344 synonimum‚
1788 2251 1960 2341 quod
1996 2250 2186 2335 vulgo
2224 2254 2436 2318 notius

669 2365 795 2406 esse
831 2340 1029 2424 solet3
1085 2339 1174 2408 5⁰.
1219 2364 1465 2425 semper
1512 2356 1577 2406 et
1616 2340 1844 2405 certius
1888 2336 2266 2421 designando
2297 2340 2441 2403 sub-

667 2429 898 2510 jectum
931 2426 1011 2489 ali
1063 2428 1188 2489 uod
1227 2426 1505 2491 auditori
1547 2448 1679 2489 non
1719 2423 2107 2506 incognitum
2142 2470 2163 2499 ,
2198 2424 2264 2486 in
2308 2447 2437 2512 quo

669 2511 985 2592 obiectum
1013 2449 1183 2574 iilius
1219 2508 1371 2572 ideae
1406 2509 1921 2593 deprehenditur.
1963 2508 2031 2572 Si
2066 2510 2441 2591 haec0reme-

646 2594 775 2661 dia
813 2618 1058 2683 semper
1098 2594 1546 2659 adhiberentur
1572 2592 1769 2675 sopiri
1807 2612 2271 2676 nonnunquam
2305 2616 2440 2656 uno

671 2699 996 2754 momento
1032 2695 1278 2768 possent
1310 2676 1449 2741 lites
1474 2721 1496 2759 ,
1530 2698 1673 2760 quae
1711 2696 1933 2756 magna
1973 2697 2134 2761 saepe
2162 2675 2440 2762 partium

670 2769 1066 2833 contentione
1108 2766 1450 2849 agitantur.

751 2944 1038 3011 Tandem
1080 2946 1171 3009 3⁰.
1193 2967 1309 3031 per
1345 2941 1709 3009 earumdem
1748 2940 2015 3005 abusum
2038 2986 2059 3024 ‚
2101 2938 2215 3027 qui
2255 2943 2442 3004 com·-

671 3029 982 3112 mittitur,
1021 3035 1104 3095 i0.
1140 3027 1297 3091 dum
1338 3028 1656 3094 vocabulis
1691 3026 1898 3112 ideam
1940 3025 2174 3090 claram
2210 3045 2272 3092 et
2295 3025 2437 3087 dis-

674 3114 927 3179 tinctam
974 3135 1107 3178 non
1149 3109 1499 3193 affigimus,
1565 3129 1671 3178 aut
1700 3156 1720 3195 ‚
1764 3110 1939 3198 quod
1978 3109 2249 3180 deterius
2298 3124 2387 3171 est
2410 3154 2434 3185 ‚

670 3220 924 3282 prorsus
950 3195 1215 3261 nullam.
1251 3197 1494 3262 Vitium
1528 3198 1649 3261 hoc
1683 3195 2037 3282 puerilibus
2076 3193 2251 3260 annis
2280 3212 2437 3275 prte-

673 3281 857 3367 cipue
886 3306 1060 3345 suam
1094 3281 1278 3348 debet
1313 3282 1645 3362 originem.
1695 3279 1867 3344 Huic
1902 3279 2049 3341 vitio
2079 3292 2148 3340 ut
2186 3273 2441 3371 medea-

675 3385 781 3431 tur
810 3365 1265 3451 Philosophu5,
1301 3387 1556 3445 omnes,
1594 3366 1826 3452 quibus
1849 3363 2062 3451 ¹utitur
2083 3406 2102 3441 ‚
2133 3376 2437 3425 termmos

672 3448 750 3515 ad
778 3446 1075 3512 incudem
1117 3464 1400 3533 revocet3
1435 3447 1617 3512 nullo
1655 3448 1942 3528 deinceps
1985 3458 2233 3529 utatur,
2274 3444 2436 3532 quin

2356 3552 2434 3593 ex
