2707 4611
987 214 1067 286 de
1093 211 1366 308 Logica‘.
1949 218 2104 286 125·

427 338 508 408 R.
535 336 618 408 N.
641 336 718 407 C.
766 356 827 404 et
866 341 937 406 P.
989 341 1327 427 Disparitas
1370 357 1492 425 est,
1541 332 1715 427 quod
1749 340 2050 405 similitud

343 428 623 495 duorum
661 425 995 491 hominum
1032 428 1318 491 consistat
1359 427 1426 490 in
1468 425 1843 514 quibusdam
1880 424 2091 512 qna-li·—

345 513 612 595 tatibuQ
641 535 779 599 quae
807 513 1057 599 utrique
1091 508 1498 595 conv‘eniunt3
1528 508 1695 576 unde
1722 533 1853 598 quo
1882 511 2091 596 plures

350 597 680 684 qualitates
719 619 828 660 seu
870 614 1033 660 notae
1078 597 1332 680 utrique
1375 617 1736 659 communes
1773 598 1960 678 sunt,
2017 618 2091 658 eo

344 683 541 765 magis
583 681 866 745 homines
906 681 999 743 illi
1047 681 1166 744 sibi
1206 679 1436 744 similes
1457 699 1634 746 sunt:
1680 702 1900 745 verum
1938 701 2092 742 con-

346 767 626 831 formitas
670 766 1110 852 propositionis
1152 789 1298 829 cum
1330 789 1443 827 suo
1483 766 1719 845 objecto
1741 809 1760 844 ‚
1794 786 1934 850 quae
1961 766 2090 847 ejus

343 853 656 916 veritatem
683 851 1003 914 constituit
1023 897 1041 932 ‚
1071 850 1252 914 dehet
1269 873 1395 914 esse
1415 849 1769 914 omnimoda
1786 846 2089 939 {proinde

341 937 544 1000 nullos
590 934 817 1018 gradus
859 935 1141 999 admittit.
1967 952 1972 955 ·

1001 1083 1296 1132 INSTABIS
1347 1070 1435 1130 25²

419 1192 619 1277 Atqui
650 1191 1053 1255 conformitas
1090 1191 1529 1278 propositionis
1561 1210 1706 1253 cum
1724 1214 1837 1255 suo
1851 1189 2115 1274 objecto‘

338 1298 471 1340 non
531 1275 712 1340 debet
762 1300 888 1342 esse
958 1277 1317 1340 omnimoda
1346 1322 1367 1360 ‚
1416 1293 1489 1339 ut
1556 1275 1896 1361 propositio
1948 1298 2091 1340 vera

334 1361 450 1424 sit:
495 1381 640 1442 ergo
681 1361 854 1426 nulla
891 1361 1138 1425 solutio.

420 1483 494 1546 P.
515 1483 579 1547 S.
606 1483 749 1547 Haeo
789 1485 1127 1571 propositio
1155 1506 1171 1550 t
1211 1484 1503 1547 Ioannes
1542 1492 1635 1543 est
1673 1481 1894 1546 doctus
1917 1525 1941 1566 ‚
1974 1481 2090 1547 ha·-

338 1569 525 1632 betur
560 1584 632 1631 ut
673 1591 815 1634 vera
841 1616 861 1653 ‚
905 1571 1185 1656 quamvis
1219 1569 1488 1632 Joannes
1526 1567 1603 1630 sit
1626 1565 1840 1631 doctus
1863 1584 1923 1630 et
1940 1589 2093 1654 pro-

290 1674 293 1677 ¹
336 1651 459 1715 bus
490 1675 510 1736 3
536 1652 731 1798 1ξψῑιιί
767 1670 976 1719 tamen
1019 1676 1150 1717 non
1208 1669 1296 1717 est
1325 1651 1703 1743 ‘omnimode
1752 1651 2090 1719 conform-is

333 1758 450 1799 suo
495 1759 531 1800 o
576 1753 757 1819 jectu.

420 1862 494 1926 P.
517 1862 582 1928 S.
620 1862 721 1927 Ex
753 1863 1077 1950 hypothesi
1115 1862 1385 1927 Joannes
1402 1879 1487 1928 est
1507 1861 1723 1928 doctus
1744 1880 1805 1929 et
1816 1864 2090 1951 probus3

334 1947 513 2032 atqui
547 1949 894 2034 propositio
941 1948 1046 2012 illa
1085 1960 1325 2013 tantum
1366 1949 1573 2013 asserit
1614 1949 1918 2012 Joannem
1962 1971 2091 2014 esse

330 2030 629 2173 dlofztum:
689 2055 839 2114 ergo
885 2056 1015 2097 non
1058 2050 1146 2098 est
1189 2032 1550 2100 omnimode
1599 2033 1938 2105 conformis
1976 2055 2090 2098 suo

328 2134 368 2175 o
410 2129 589 2193 lecto.
1048 2148 1059 2158 ·

389 2308 404 2323 .
421 2227 499 2288 R.
520 2228 599 2290 N.
628 2231 703 2294 C.
726 2231 810 2293 Et
847 2232 1002 2293 ratio
1026 2250 1114 2294 est
1131 2279 1150 2315 ‚
1189 2241 1362 2319 quod
1392 2258 1464 2302 ut
1484 2237 1827 2325 propositio
1851 2238 1931 2300 sit
1945 2259 2091 2299 om-

341 2310 592 2373 mmodo
631 2312 968 2376 conformis
1004 2337 1119 2377 suo
1145 2318 1422 2400 object0‚
1464 2344 1594 2383 non
1632 2320 1990 2406 requiratur
2020 2336 2092 2383 ut

338 2411 560 2459 asserat
602 2413 801 2459 totum
839 2399 1009 2484 quod
1050 2398 1287 2482 objecto
1325 2401 1614 2467 convenit
1638 2449 1659 2487 ‚
1697 2403 1805 2468 sed
1844 2420 2089 2470 tantum

336 2495 409 2543 ut
442 2497 643 2545 totum
687 2481 860 2566 quod
898 2481 1110 2548 asserit
1162 2486 1400 2567 objecto
1436 2487 1793 2572 conveniat,
1850 2510 1965 2554 seu
2017 2506 2090 2553 ut

336 2579 536 2630 totum
579 2568 707 2649 ejus
745 2585 1045 2632 assertum
1086 2569 1373 2636 subsistat
1396 2619 1418 2656 ‚
1456 2590 1645 2660 prout
1668 2571 1978 2638 asseritur.

895 2691 899 2696 ⁶
996 2725 1291 2772 INSTABIS
1338 2702 1435 2772 3.0

421 2838 575 2903 Haec
610 2842 996 2926 propositio:
1053 2844 1347 2906 Joannes
1378 2844 1483 2908 vel
1533 2844 1772 2908 Petrus
1845 2847 2086 2931 currit,

333 2922 540 3067 Jerior
575 2941 662 2987 est
719 2943 993 3011 utroque
1042 2945 1334 2991 currente
1383 2949 1581 3014 quam·
1612 2948 1903 2997 currente
1954 2933 2085 2998 solo

372 3025 593 3070 oanne.

419 3130 493 3194 P.
520 3130 600 3193 A.
626 3130 796 3218 Quia
844 3133 1049 3218 primo
1080 3158 1232 3200 casu
1261 3160 1405 3203 vera
1445 3156 1534 3204 est
1581 3139 1818 3206 ratione
1870 3163 2085 3209 cursus

335 3214 1011 3317 utriusque‚·secundo
1053 3236 1257 3285 autem
1283 3245 1428 3288 casu
1460 3223 1697 3288 ratione
1735 3248 1951 3291 cursus
1975 3251 2085 3293 so—

339 3298 800 3447 liusdJoanms:
833 3306 1217 3391 ergo'primo
1249 3330 1394 3373 casu
1435 3309 1638 3375 verior
1664 3326 1751 3376 est
1771 3336 1963 3398 quam
1983 3337 2086 3380 se-

333 3404 458 3448 cun
502 3408 540 3449 o
580 3408 740 3454 casu.
