2707 4611
964 287 1039 349 de
1080 286 1360 376 Logica.
1968 316 2037 359 21

277 393 560 469 'alteram
610 406 703 470 rei
738 428 924 491 quam
958 405 1270 487 significat.
1294 408 1365 473 Si
1398 408 1605 495 primo
1650 409 1833 474 modo
1872 432 2055 507 spec-

304 504 514 563 tetur,
549 490 815 555 sumitur
848 491 1298 578 materialiter,
1332 509 1406 557 ut
1438 491 1592 556 dum
1621 493 1761 558 dico
1783 516 1799 559 ε
1825 493 2051 558 Cicero

307 583 404 635 eet
456 596 575 637 vox·
642 574 838 639 trium
903 573 1315 659 syllabarum.
1338 575 1410 641 Si
1463 577 1695 660 altem,
1757 578 2057 663 accipitur

293 654 670 805 ,Ξὶὸνηιαῖἰίεν
685 705 707 734 ,
764 675 834 723 ut
892 657 1047 723 dum
1082 658 1264 726 dico:
1318 660 1541 725 Cicero
1613 675 1706 725 est
1743 660 2059 749 'princepe

372 753 686 806 ratarum.

307 880 313 892 ‘
382 858 475 919 58.
502 860 800 918 Senomon.
817 859 1149 920 'ferminum
1169 859 1353 937 'accipi
1382 862 1744 921 materialiter
1762 880 2053 939 agnosces,

312 936 360 995 si
381 978 402 1010 ,
432 934 584 996 salvo
616 956 815 1005 sensu,
844 938 1125 1012 praefigere
1160 938 1346 997 valeas
1363 951 1537 995 unam
1561 955 1630 994 ex
1644 938 1737 997 his
1762 938 2054 1014 particulis

306 1032 435 1084 vox,
452 1013 734 1070 terminus
751 1056 769 1085 ,
813 1012 1168 1072 vocabalum
1187 1054 1204 1083 ,
1250 1023 1356 1071 etc.
1381 1013 1569 1070 Unam
1622 1013 1788 1071 etiam
1841 1034 1911 1072 ex
1961 1012 2051 1071 his

302 1088 366 1145 in
405 1086 704 1146 scribendo
747 1089 1083 1163 praefigimus
1100 1130 1119 1160 ‚
1147 1106 1281 1142 cum
1315 1088 1615 1146 terminum
1650 1089 1897 1164 aliquem
1934 1109 2053 1147 ma-

298 1163 570 1222 terialiter
599 1162 783 1238 accipi
814 1165 1071 1224 volumus
1094 1206 1111 1234 ,
1158 1162 1249 1222 vel
1268 1163 1455 1220 saltem
1482 1185 1608 1222 eum
1633 1160 2044 1240 sublineamu8‚

298 1250 396 1297 aut
433 1238 561 1296 aliis
580 1237 995 1297 characteribus
1017 1234 1428 1311 distinguimus.
1458 1239 1590 1298 Haec
1617 1242 1726 1298 duo
1747 1243 2052 1318 posteriora

296 1313 427 1372 usui
442 1314 606 1372 etiam
640 1325 793 1386 sunt,
824 1316 960 1372 dum
988 1312 1255 1370 terminus
1280 1313 1488 1389 aliquis
1501 1316 1841 1390 singularem
1869 1328 2047 1374 atten-

299 1389 509 1448 tionem
550 1402 816 1449 meretur.

386 1506 491 1589 59.
516 1502 863 1566 Terminus
916 1498 1257 1564 formaliter
1304 1515 1596 1586 acceptus
1653 1498 1750 1563 vel
1802 1498 2055 1563 denotat

303 1586 583 1669 aliquam
632 1583 834 1669 reipsa
860 1583 1098 1668 ideam,
1126 1600 1186 1647 et
1257 1583 1518 1648 ositivua
1540 1583 1802 1665 dicitur,
1821 1600 1894 1647 ut
1913 1606 2013 1646 res
2030 1627 2057 1658 ,

303 1668 497 1732 homo
534 1711 554 1748 ,
593 1666 820 1730 Cicero
844 1668 1149 1753 ‚etc.3vel
1245 1670 1514 1733 sentiam
1556 1667 1817 1748 alicuius
1860 1666 2015 1731 ideae
2033 1712 2065 1752 ,Ἴ

305 1766 368 1815 et
415 1750 753 1837 negativus
786 1752 995 1836 audit,
1029 1769 1099 1816 ut
1132 1751 1304 1816 nihil
1319 1798 1341 1837 7
1390 1753 1769 1840 ignorantia
1791 1797 1814 1826 ‚
1853 1763 2050 1816 tene-

301 1836 479 1919 broe;
517 1835 612 1900 vel
654 1835 903 1901 tandem
942 1834 1103 1901 nihil
1153 1836 1291 1901 ullo
1331 1836 1522 1902 modo
1564 1836 1873 1921 sig-nificat
1894 1879 1918 1920 ‚
1992 1850 2054 1901 et

296 1920 518 1984 inanis
547 1936 837 2005 vocatur,
885 1938 957 1985 ut
997 1917 1275 1986 circulus
1319 1922 1696 2018 quadratus.

361 2036 459 2097 60.
488 2038 794 2098 Senomon.
826 2039 1091 2099 Termino
1126 2040 1288 2098 inani
1315 2039 1405 2098 illi
1437 2033 1655 2099 tantum
1689 2019 1930 2095 utuntur
1949 2033 2055 2110 qui

292 2132 424 2171 eum
435 2114 615 2172 ideam
635 2116 958 2191 quampiam
981 2116 1095 2175 sibi
1109 2114 1317 2175 habere
1333 2116 1621 2190 videntur,
1635 2115 1820 2191 reipsa
1835 2110 2060 2170 nullam

291 2186 539 2261 habent3
575 2208 645 2262 ap
685 2203 931 2248 arentem
966 2203 1154 2248 tamen
1201 2191 1357 2249 illam
1378 2192 1560 2251 ideam
1578 2236 1594 2264 ,
1614 2210 1785 2267 quam
1801 2186 2050 2243 Wolflus

297 2270 590 2334 propterea
660 2264 910 2320 allacem
945 2283 1043 2320 seu
1092 2265 1457 2339 deceptricem
1517 2267 1761 2340 appellat
1778 2304 1795 2333 ‚
1862 2260 2049 2334 aliquo

299 2335 574 2395 vocabulo
610 2336 926 2408 exprimere
961 2337 1245 2397 nituntur.

1509 2416 1519 2438 Ι

384 2443 487 2507 61.
510 2441 858 2506 Terminus
892 2441 1006 2527 qui
1034 2455 1380 2504 constanter
1403 2441 1682 2506 eamdem
1698 2442 2054 2510 invariatum

269 2543 434 2591 ‘rem
476 2526 763 2609 denotat,
785 2522 1022 2612 finctae,-
1065 2523 1178 2611 qui
1233 2547 1380 2590 vero
1418 2550 1590 2605 nunc
1636 2526 1828 2610 hanc,
1877 2551 2050 2593 nunc

292 2610 473 2677 illam
511 2610 811 2694 significat
835 2656 856 2690 ‚
889 2631 1094 2757 vagus
1134 2607 1231 2674 vel
1267 2600 1633 2707 aequivoca-s·
1669 2612 1923 2676 dicitur.
1950 2613 2054 2676 Sic

291 2694 401 2760 fixi
456 2713 603 2760 sunt
644 2694 903 2760 termini
1024 2716 1129 2758 mo
1152 2741 1172 2770 ,
1221 2695 1520 2775 ammal3
1571 2696 1876 2784 aequivoci
1910 2695 2057 2760 vero

265 2796 438 2847 =sunt
454 2779 652 2855 liber,
688 2801 962 2855 cancer,
996 2779 1167 2846 calx.
1205 2840 1214 2843 -

384 2905 485 2968 62.
508 2903 848 2969 Terminus
895 2900 1248 2992 aequivocus
1290 2903 1391 2970 vel
1435 2904 1604 2985 casui
1648 2903 1744 2972 vel
1804 2903 2060 2970 consilio

294 3011 477 3054 suam
512 2986 693 3051 debet
737 2989 1062 3071 originem.
1087 2989 1270 3067 Casu
1320 2990 1671 3077 aequivocus
1729 3006 1856 3064 est,
1897 2990 2054 3056 dum

290 3070 663 3159 multiplicis
679 3071 1142 3154 significationis
1168 3073 1323 3138 ratio
1340 3073 1514 3139 nulla
1535 3075 1796 3163 reperiri
1815 3090 2021 3163 potest
2034 3121 2057 3158 ,

296 3172 527 3245 praeter
565 3180 810 3221 merum
837 3158 1168 3222 arbitrium
1186 3157 1538 3244 primorum
1563 3159 1922 3243 linguarum
1945 3161 2056 3221 in·-

293 3242 692 3314 stitutorum,
743 3258 851 3324 ut,
902 3241 1181 3316 Gallus,
1228 3243 1374 3307 calx
1398 3291 1420 3320 ,
1475 3243 1672 3321 liber,
1713 3244 1833 3309 e'tc.
1867 3242 2065 3306 Con-4
2101 3324 2105 3328 ,

292 3324 437 3388 silio
459 3325 811 3413 aequivocus
843 3341 934 3390 est
954 3371 976 3410 ,
1007 3325 1162 3390 dum
1185 3348 1282 3392 res
1313 3327 1565 3394 diversae
1582 3376 1606 3412 ,
1636 3329 1866 3416 quibus
1883 3326 2053 3391 idem

289 3411 605 3475 terminus
640 3409 973 3491 tribuitur,
998 3409 1269 3498 aliquam
1307 3413 1474 3477 inter
1505 3435 1569 3476 se
1585 3411 2060 3482 similitudinem

301 3491 396 3558 vel
419 3492 763 3580 analogiam
780 3495 1035 3581 hahent,
1051 3495 1216 3564 unde
1237 3496 1424 3565 etiam
1440 3498 1510 3561 in
1531 3498 1737 3586 *speeie
1752 3496 2055 3563 terminus
