2707 4611
1008 247 1088 312 de
1113 246 1385 336 Logiccz.
1956 272 1981 314 1
1993 274 2080 338 09

313 393 401 437 ne
441 369 711 435 veritatis
745 365 1016 450 cognitio
1062 387 1331 457 receptae
1384 372 1509 449 jam
1546 368 1795 434 videndi
1848 369 2077 435 rationi

316 458 528 522 minus
568 456 782 520 faveat.
814 453 1290 539 Nonnunquam
1327 453 1603 520 affectata
1635 455 1907 541 propriae
1946 455 2076 517 im-

317 540 671 613 becillitatIs
707 561 745 603 ο
791 537 923 602 inio
958 538 1152 605 efficit
1189 556 1265 605 ut
1294 539 1584 605 homines
1612 540 1899 604 animum
1934 538 2077 605 des-

317 624 668 717 pondeant,
696 647 763 687 m
809 622 984 710 ilque
1020 647 1134 710 per
1173 647 1238 689 se
1279 624 1445 710 ipsos
1495 640 1732 690 tentare
1770 625 2076 711 audeant,

316 728 505 796 atque
547 710 629 775 ita
656 730 814 774 caece
843 708 1296 798 amplectantur
1337 731 1478 794 quae
1512 733 1547 773 a
1587 709 1925 794 majoribus
1944 726 2080 777 tra-

314 795 444 860 dita
483 810 876 883 acceperunt.

920 995 1128 1045 CAUSA
1153 997 1467 1044 SECUNDA.

394 1155 803 1244 Affictiones
841 1155 1055 1222 animi
1101 1152 1531 1218 dominantes·
1567 1152 1756 1218 Nulla
1791 1153 1923 1219 fere
1966 1172 2075 1219 ar:-

310 1259 649 1325 gumenta,
703 1265 843 1329 quae
888 1239 1318 1305 affectionibus
1369 1263 1441 1303 ac
1492 1237 1810 1303 desideriis
1850 1240 2080 1304 nostris
2157 1300 2163 1309 .

311 1326 621 1389 contraria
658 1344 849 1411 sunt,
876 1323 1135 1412 aliquod
1175 1324 1343 1410 apud
1371 1346 1484 1388 nos
1504 1322 1752 1410 pondus
1790 1325 2074 1390 obtinere

310 1408 782 1498 solentzneque
809 1410 931 1475 hoc
952 1410 1187 1475 mirum
1209 1425 1297 1473 est
1333 1432 1349 1476 ε
1398 1432 1546 1473 cum
1589 1407 1760 1471 enim
1806 1408 2073 1474 vivacior

228 1534 231 1539 <
307 1494 379 1559 in
407 1493 590 1559 nobis
613 1494 937 1580 impressio
957 1518 1210 1560 omnem
1233 1492 1313 1556 ad
1336 1517 1400 1558 se
1429 1492 1626 1581 rapiat
1648 1492 2076 1572 attentionem,

308 1577 451 1642 fieri
486 1601 565 1642 ne
617 1581 717 1644 uit
742 1623 763 1663 ,
802 1596 873 1643 ut
899 1603 1075 1646 mens
1107 1578 1331 1644 affectu
1365 1577 1579 1664 aliquo
1597 1577 1812 1659 agitata
1836 1577 2080 1666 aliquid

305 1660 482 1726 aliud
522 1604 728 1729 videat
776 1687 969 1749 quam
1057 1663 1203 1729 uod·
1238 1686 1387 1728 cum
1429 1685 1503 1726 eo
1558 1685 1915 1727 connexum
1985 1680 2075 1728 est

309 1763 419 1811 aut
515 1749 888 1815 viciniorem
963 1773 1032 1812 re
1060 1748 1331 1814 ationem
1412 1747 1602 1813 habet
1650 1793 1675 1830 ,
1760 1745 2076 1833 'aliterque

305 1830 425 1895 sibi
470 1855 570 1897 res
611 1849 1009 1921 repraesentet
1051 1856 1246 1918 quam
1274 1850 1465 1918 prout
1505 1831 1585 1895 ab
1618 1830 1944 1896 affectione
1968 1833 2077 1896 de-

303 1916 682 2011 pinguntur.
746 1918 914 1982 Hinc
970 1941 1299 2003 nunquam
1378 1916 1684 1998 judicium
1738 1915 1900 1981 feras
1952 1914 2075 1982 nisi

300 1999 458 2071 dum
503 2003 755 2068 animus
799 2003 881 2066 ab
925 2003 1101 2067 omui
1142 2001 1543 2068 affectionum
1579 2017 1732 2065 aestu
1771 2018 1859 2065 est
1901 2000 2075 2066 libe-

302 2102 497 2147 ratus.
540 2085 646 2149 Sic
699 2088 814 2172 qui
867 2086 944 2150 de
996 2087 1254 2150 homine
1303 2085 1520 2172 aliquo
1568 2085 1845 2169 judicare
1891 2085 2077 2153 debet

300 2167 423 2251 qui
465 2166 524 2230 ei
562 2170 800 2234 amicus
833 2188 921 2233 est
940 2216 959 2252 ‚
991 2171 1278 2258 inspiciat
1299 2170 1455 2258 quid
1482 2194 1560 2234 ex
1598 2171 1935 2256 propositis
1962 2195 2075 2235 ar—

308 2249 618 2347 gurnentis
650 2250 1090 2335 concluderet,
1134 2255 1188 2315 si
1227 2255 1306 2316 de
1350 2254 1612 2321 inimico
1653 2273 1981 2341 ageretur,
2012 2273 2077 2324 et

305 2356 595 2400 vlclsslm.

919 2474 1129 2524 CAUSA
1178 2476 1442 2529 TERTIA.

890 2573 901 2596 κ’

386 2601 628 2667 Nimia
673 2597 925 2690 ingenii
962 2623 1043 2665 ac
1068 2622 1230 2687 pers·
1280 2598 1600 2665 icacitatis
1618 2599 1902 2688 fiducia.
1937 2603 2073 2690 Qui

302 2686 426 2752 hoc
462 2688 612 2753 vitio
647 2685 935 2752 laborant
965 2730 987 2770 ,
1050 2709 1084 2750 a
1136 2684 1332 2750 scida
1378 2685 1697 2751 rationum
1742 2688 2073 2771 investiga-

306 2771 477 2838 tione
492 2772 800 2837 abstinent
820 2818 841 2853 ,
896 2792 968 2834 ac
1003 2772 1219 2917 gnavis
1254 2770 1464 2857 primo
1493 2788 1860 2837 occurrente
1903 2796 2070 2838 con-

306 2857 464 2920 tenti
483 2858 688 2921 statim
711 2856 831 2921 sibi
862 2854 1004 2918 satis
1032 2856 1243 2920 acmnt
1268 2876 1284 2922 ε
1311 2878 1586 2942 cumque
1603 2871 1812 2921 tamen
1834 2857 2068 2923 sciendi

262 3009 265 3012 Α
308 2939 644 3025 cupiditate
683 2942 1009 3004 teneantur
1032 2983 1052 3018 ,
1091 2940 1285 3021 magis
1314 2940 1394 3002 de
1418 2963 1634 3006 rerum
1673 2944 1849 3029 copia
1877 2967 2068 3032 quam

304 3025 385 3087 de
435 3023 735 3088 doctrinae
785 3021 1093 3087 soliditate
1142 3022 1395 3088 solliciti
1442 3040 1620 3110 sunt,
1687 3045 1876 3115 atque
1919 3030 2068 3095 inde

303 3108 509 3175 oritur
558 3107 1008 3195 praecipitantia
1031 3153 1054 3193 ,
1115 3106 1530 3195 amplissimus
1578 3135 1869 3181 errorum
1904 3114 2069 3191 fons.

913 3310 1121 3360 CAUSA
1168 3313 1451 3373 QUARTA.

342 3508 358 3524 ι
399 3426 470 3488 V
469 3451 607 3494 oces
629 3429 815 3517 zpsoe.
862 3430 947 3498 Et
989 3446 1076 3499 1.⁰
1112 3433 1371 3522 quidem
1416 3452 1676 3523 propter
1715 3437 2066 3525 aequivoca-

305 3526 590 3601 tlouem3
657 3516 832 3611 qugd
899 3520 1243 3606 praesertim
1289 3520 1529 3593 obtinet
1571 3521 1725 3589 dum
1790 3545 1890 3586 res
1950 3543 2064 3605 per
