2707 4611
1026 311 1104 374 de
1144 310 1419 400 Logica.
1849 322 1850 327 ’
1988 332 2103 378 121

439 436 513 501 P.
554 435 621 502 S.
658 433 769 501 Hae
848 435 1294 523 repositiones:
1334 435 1663 501 Homines
1691 438 1843 501 sunt
1888 434 2063 524 nigri
2086 486 2111 522 ,

367 519 522 585 Ursi
556 531 709 586 sunt
747 543 788 583 a
814 519 918 595 bi,
983 539 1131 585 sunt
1162 521 1518 587 indefinitae
1570 539 1628 586 et
1672 538 1993 587 versantur
2015 598 2018 599 γ
2040 522 2113 587 in
2195 600 2200 606 ,

358 608 614 670 materia
651 604 1039 687 contingente
1080 627 1096 672 :
1122 607 1303 694 atqui
1325 630 1405 670 ex
1433 604 1756 671 communi
1779 605 2114 673 hominum

357 711 659 755 consensu
695 687 818 753 illae
852 690 1015 754 inter
1060 689 1433 771 universales
1471 690 1803 756 habentur.

440 794 512 858 P.
542 795 606 860 S.
643 793 839 860 Dictae
869 795 1320 882 propositiones
1355 794 1666 860 habentur
1700 797 1778 860 ab
1819 793 2115 860 omnibus

359 897 432 943 ut
461 878 660 964 falsae3
697 879 873 966 atqui
908 902 1036 944 non
1062 881 1269 944 forent
1294 880 1459 943 falsae
1479 927 1501 964 ‚
1541 882 1590 945 si
1614 881 1689 944 ad
1708 879 2115 980 particulares

361 962 813 1036 reducerentur
833 1011 854 1048 ,
897 987 1043 1029 cum
1087 988 1295 1028 revera
1318 963 1527 1052 aliqui
1551 966 1835 1029 hommes
1868 964 1991 1029 sint
2014 963 2116 1026 ni·-

358 1048 454 1131 gri
496 1065 559 1114 et
600 1047 798 1136 aliqui
835 1049 965 1113 ursi
1001 1049 1124 1114 sint
1159 1048 1283 1113 albi
1319 1072 1334 1115 :
1366 1073 1513 1132 ergo
1553 1049 1878 1114 communi
1901 1047 2115 1113 homi-

353 1152 513 1196 num
561 1157 865 1198 consensu
906 1135 1075 1198 inter
1124 1134 1494 1200 universales
1543 1135 1875 1200 habentur.
1928 1132 2115 1198 Tales

356 1219 810 1304 propositiones
877 1219 1162 1283 omnium
1228 1219 1560 1283 hominum
1622 1219 2115 1307 apprehensione

357 1301 810 1367 universalibus
833 1302 1199 1392 aequivalere
1239 1304 1434 1386 magis
1469 1304 1673 1368 adhuc
1712 1306 2117 1369 convincetur

359 1387 646 1473 quisquis
677 1411 776 1452 eas
807 1388 875 1451 in
912 1389 1309 1454 vernaculam
1341 1388 1627 1471 linguam
1659 1388 2072 1480 transtulerit.

442 1493 625 1558 Nota.
663 1496 833 1560 Patet
852 1496 919 1559 id
953 1495 1152 1561 adhuc
1180 1497 1410 1562 clarius
1436 1498 1506 1561 in
1543 1496 1948 1585 sequentihus
1968 1517 2117 1580 pro-

358 1579 778 1664 positionibus
821 1602 836 1645 :
879 1580 1201 1645 Germani
1245 1593 1399 1645 sunt
1440 1582 1714 1656 robusti,
1775 1579 1935 1643 Itali
1964 1593 2122 1646 sunt

357 1663 720 1750 suspicaces
742 1712 763 1738 ,
798 1663 1422 1752 aliisquesimilibus3
1451 1667 1519 1730 in
1564 1666 1795 1754 quibus
1816 1687 1961 1730 sane
1978 1684 2119 1731 om-

360 1748 541 1812 nium
580 1771 886 1812 consensu
936 1750 1176 1837 aliquid
1219 1751 1484 1837 speciale
1511 1751 1589 1815 de
1613 1748 1968 1817 nationibus
1988 1749 2119 1815 illis

357 1834 689 1918 asseritur3
752 1834 915 1898 nihil
958 1852 1165 1898 autem
1206 1836 1471 1922 speciale
1512 1852 1888 1900 assereretur
1936 1835 1989 1900 si
2037 1834 2119 1900 ad

354 1918 764 2002 particulares
799 1918 1249 1983 reducerentur
1274 1967 1295 2002 ‚
1342 1944 1488 1986 cum
1537 1921 1722 1985 etiam
1767 1921 1931 1984 inter
1965 1919 2118 1985 alias

352 2003 632 2067 nationes
673 2000 868 2086 aliqui
912 2004 1036 2067 sint
1064 2003 1341 2088 robusti,
1376 2004 1455 2069 ali
1505 2006 1573 2070 ui
1610 2006 1952 2092 suspicaces
1976 2025 1993 2071 ε
2019 2027 2119 2070 ve-

353 2107 501 2147 rum
536 2109 666 2149 non
715 2085 950 2170 placuit
994 2111 1094 2152 eas
1125 2089 1195 2152 in
1239 2090 1429 2155 thesis
1504 2091 1983 2160 emonstratione
2015 2112 2117 2155 as-

354 2188 639 2247 sumere,
677 2192 825 2232 cum
869 2192 999 2231 non
1045 2172 1405 2251 ignoremus
1448 2175 1752 2262 quosdam
1787 2173 2115 2239 contrariae

356 2252 672 2397 {entenltiae
713 2267 1008 2347 patronos
1033 2256 1241 2335 quoad
1264 2256 1495 2320 similes
1522 2257 1974 2342 propositiones
1997 2279 2114 2324 no-

402 2356 452 2397 is
498 2351 866 2398 consentu-e.

1074 2472 1411 2520 OBJECTIO.

438 2561 640 2628 Datur
690 2565 1033 2649 propositio
1094 2565 1415 2632 indefinita
1449 2566 1517 2629 in
1556 2570 1809 2633 materia
1861 2569 2112 2634 contin-

356 2666 573 2730 gente,
619 2672 758 2735 quae
798 2651 1062 2715 habetur
1106 2668 1179 2718 ut
1219 2674 1358 2717 vera
1388 2698 1410 2735 ‚
1451 2669 1512 2715 et
1546 2667 1757 2717 tamen
1796 2675 1937 2718 vera
1980 2677 2116 2721 non

356 2748 444 2798 est
484 2732 603 2797 nisi
652 2733 985 2799 reducatur
1041 2736 1117 2800 ad
1171 2735 1620 2824 particularem
1686 2759 1702 2803 τ
1749 2758 1896 2821 ergo
1930 2737 2112 2805 datur

358 2818 699 2904 propositio
740 2819 1060 2883 indefinita
1108 2821 1175 2881 in
1222 2821 1476 2885 materia
1519 2822 1916 2905 contingente
1969 2846 2112 2914 quae

355 2901 704 2965 reducenda
753 2921 841 2967 est
882 2902 959 2965 ad
998 2904 1459 2988 particularem.
1523 2935 1530 2944 ·

457 3004 648 3068 Prob.
692 3006 1073 3071 antecedenS.
1117 3006 1264 3072 Haec
1314 3029 1330 3075 ε
1381 3010 1628 3078 Batavi
1649 3025 1824 3078 ..sunt
1861 3017 2111 3104 experti

355 3099 579 3153 nautoe
604 3101 633 3173 ‚³
653 3107 740 3154 est
760 3089 1075 3157 indefinita
1100 3091 1168 3155 in
1190 3096 1440 3160 materia
1470 3099 1862 3181 contingente
1891 3123 1908 3167 :
1932 3101 2108 3201 atqui

349 3191 563 3324 ¹tamen
612 3198 753 3239 vera
809 3183 936 3240 no'n
985 3196 1111 3262 est,
1157 3178 1276 3243 nisi
1323 3182 1658 3246 reducatur
1704 3184 1783 3246 ad
1827 3202 2107 3271 particu-

376 3283 569 3324 arem.
1283 3287 1286 3294 ’

414 3363 504 3428 ·P.
532 3363 597 3430 S.
635 3363 873 3430 Verum
907 3389 1037 3431 non
1071 3386 1158 3434 est
1193 3371 1364 3460 quod
1392 3394 1607 3436 omnes
1643 3371 1965 3440 moraliter
1988 3375 2102 3438 Ba-

350 3448 471 3511 tavi
506 3449 628 3516 sint
668 3452 905 3540 experti
943 3471 1191 3539 nautae,
1250 3456 1358 3521 sed
1413 3457 1611 3543 aliqui
1664 3475 1905 3525 tantum
1958 3471 2102 3521 sunt

347 3530 500 3596 tales
538 3553 555 3600 t
588 3558 736 3619 ergo
770 3536 927 3600 dicta
964 3541 1307 3626 propositio
1331 3564 1474 3608 vera
1512 3565 1642 3610 non
1668 3560 1801 3628 est,
1835 3539 1955 3605 nisi
1994 3558 2102 3607 re-

342 3616 608 3684 ducatur
646 3620 723 3685 ad
764 3622 1222 3707 particularem.
