2707 4611
910 251 993 317 (Ze
1036 252 1309 341 Logica.
1879 260 1995 322 115

1658 394 2010 438 ΝΜ

389 745 734 806 THESIUM
779 669 884 805 AD.
919 745 1257 806 LOGICAM
1295 718 1848 807 SPECTANTIUM‘.

786 1012 1101 1111 THESIS
1145 1040 1450 1113 PRIMA.

240 1196 405 1262 Idea
446 1195 542 1258 rei
565 1197 904 1283 cujusdam
934 1197 1158 1262 haberi
1190 1210 1405 1287 potest
1422 1244 1444 1284 ,
1487 1190 1781 1286 quamvis
1795 1178 1864 1265 ei
1878 1202 2002 1265 tri-

182 1294 187 1301 “
280 1282 570 1345 buantur
617 1293 790 1349 notae
836 1282 1276 1355 essentialibus
1313 1285 1451 1369 ejus
1483 1297 1958 1375 ‚repugnantes-

242 1404 702 1549 PROBATUR
750 1476 955 1550 thesis-
982 1477 1071 1542 Ut
1109 1482 1251 1565 quis
1287 1479 1490 1542 ideam
1516 1475 1746 1540 claram
1771 1474 1865 1539 rei
1885 1496 1997 1539 cu-

242 1556 482 1635 jusdam
532 1558 800 1642 habeat,
847 1563 1193 1650 requiritur
1250 1579 1311 1627 et
1374 1560 1601 1625 sufficit
1631 1606 1655 1634 ,
1715 1575 1786 1623 ut
1842 1558 1994 1622 tales

239 1638 415 1724 istius
459 1642 550 1705 rei
593 1659 752 1707 notae
791 1645 859 1708 in
887 1656 1099 1710 mente
1124 1649 1252 1727 ejus
1283 1658 1796 1731 repraesententur
1816 1643 1997 1730 ‚qui-

237 1722 360 1787 bus
396 1747 490 1789 res
546 1750 617 1792 ea
668 1727 746 1790 ab
783 1731 957 1792 omni
999 1729 1120 1793 alia
1184 1730 1479 1812 distingui
1527 1728 1759 1809 valeat3
1818 1727 1994 1812 atqui

235 1825 492 1892 possunt
512 1811 659 1875 tales
681 1830 844 1877 notae
862 1814 931 1876 in
951 1831 1159 1877 mente
1178 1818 1307 1897 ejus
1340 1810 1788 1900 repraesentari,
1805 1811 1994 1875 etiam

236 1913 310 1955 eo
353 1908 634 1978 tempore
654 1941 675 1977 ‚
723 1918 854 1981 quo
881 1898 937 1961 ei
976 1899 1345 1963 tribuuntur
1371 1913 1531 1961 notae
1567 1893 1991 1960 essentialibus

234 1977 366 2074 ejus
403 1996 855 2066 repugnantes,
906 1980 1095 2045 modo
1133 2005 1262 2047 non
1307 1981 1586 2048 videatur
1622 2001 1991 2067 repugnan-

234 2076 316 2121 ua
341 2085 357 2118 ε
393 2082 541 2139 ergo
575 2080 695 2127 etc.
1187 2084 1192 2089 '

318 2139 629 2206 Probatur
668 2145 1128 2228 subsumptum.
1153 2149 1325 2213 Dum
1370 2173 1500 2212 non
1557 2147 1803 2211 videtur
1873 2170 1990 2209 re-
2046 2183 2050 2187 ·

238 2225 579 2311 pugnantia
605 2270 625 2307 ,
670 2225 832 2289 nihil
874 2242 966 2289 est
1012 2229 1185 2310 quod
1225 2232 1515 2312 priorum
1550 2245 1843 2289 notarum
1889 2251 1990 2290 re-

239 2310 771 2397 praesentationem
811 2308 909 2373 vel
977 2307 1282 2393 impediat
1324 2311 1423 2373 vel
1465 2311 1779 2394 destruat3
1844 2334 1993 2395 ergo
2034 2322 2070 2362 ’ν

238 2410 356 2457 etc.
387 2392 489 2458 Sic
506 2393 552 2455 si
589 2393 730 2480 quis
749 2392 967 2477 primis
993 2408 1232 2457 tantum
1256 2392 1602 2476 geometriae
1624 2393 1948 2481 principiis
1968 2443 1992 2479 ‚

237 2478 359 2542 rite
412 2494 621 2542 tamen
664 2479 981 2559 imbutus,
1029 2477 1101 2540 in
1166 2477 1477 2561 triangulo
1519 2478 1675 2543 duos
1730 2480 1991 2561 angulos

238 2579 440 2626 rectos
498 2579 762 2634 statuat,
800 2562 850 2624 is
887 2584 1017 2625 non
1072 2580 1400 2650 propterea
1435 2561 1638 2638 statim
1691 2562 1990 2648 trianguli

240 2646 373 2710 idea
410 2669 663 2734 prorsus
696 2646 1087 2728 destituetur.

949 2795 1286 2841 ons-Ec'rm.

324 2859 683 2927 Secundum
707 2864 929 2928 thesim
948 2908 968 2946 ,
996 2865 1108 2950 qui
1144 2865 1318 2928 conci
1371 2881 1500 2930 eret
1533 2864 1741 2935 Deum
1765 2881 1835 2930 ut
1861 2886 1996 2930 cor·

241 2967 546 3032 poreum,
579 2963 784 3031 posset
809 2948 1042 3011 habere
1083 2947 1285 3018 ideam
1382 2950 1439 3013 ei
1471 2970 1488 3015 ε
1516 2951 1689 3038 atqui
1715 2951 1836 3015 hoc
1861 2951 1990 3021 diei

242 3053 373 3093 non
404 3046 637 3115 potest:
680 3054 827 3114 ergo
875 3030 1048 3096 nulla
1084 3032 1284 3096 thesis.

324 3114 512 3178 Proh.
537 3114 766 3180 minor.
784 3115 1121 3197 Cuiusdam
1178 3117 1269 3181 rei
1305 3115 1442 3182 idea
1482 3118 1797 3203 deceptrix
1865 3139 1998 3182 non

248 3216 336 3260 est
376 3197 513 3262 idea
550 3198 721 3268 illius
752 3200 883 3266 rei:
913 3201 1089 3286 atqui
1127 3201 1198 3265 in
1246 3224 1392 3267 casu
1430 3203 1668 3286 objecto
1709 3203 1846 3268 idea
1879 3202 1997 3269 Dei

247 3280 407 3345 soret
436 3281 583 3347 dece
630 3284 792 3352 trix:
840 3307 987 3366 ergo
1029 3303 1146 3349 etc.
1268 3343 1273 3348 ,

328 3306 756 3454 Respontfetur
809 3368 1242 3453 distinguendo
1307 3370 1639 3435 minorem.
1665 3369 1865 3457 Atqui
1925 3371 1994 3433 in

249 3470 391 3526 casu
444 3452 679 3535 obiecto
718 3452 855 3519 idea
898 3453 1014 3521 Dei
1065 3454 1228 3527 foret
1259 3453 1576 3542 deceptrix
1606 3501 1627 3541 ‚
1689 3470 1991 3543 quatenus
2023 3477 2030 3490 ²
