2707 4611
704 162 830 213 112
1455 131 1802 205 Tractazus
1861 190 1868 205 .

713 264 779 322 id
819 277 998 338 genus
1040 259 1196 319 enim
1216 273 1377 320 voees
1408 276 1473 318 eo
1500 258 1847 334 potissimum
1880 255 1998 313 fine
2029 246 2276 316 inventae
2301 264 2424 327 sunt
2434 294 2458 328 ,

713 346 782 395 ut
831 355 1031 416 magno
1078 333 1404 410 compendio
1450 334 1510 392 id
1552 330 2081 395 convenientissime
2117 331 2461 408 significent,

710 413 864 491 quod
910 430 1065 471 secus
1107 409 1332 468 nonnisi
1385 429 1489 485 per
1546 423 1771 486 magnas
1826 410 2120 486 ambages,
2167 410 2460 490 longasque

709 487 1065 567 periphrases
1093 485 1370 563 explicari
1405 488 1605 562 posset.

795 697 945 766 291.
969 677 1252 764 Sapiens
1277 675 1588 742 dubitatio
1616 695 1707 743 est
1736 677 2006 744 retentio
2035 681 2293 768 judicii,
2317 672 2464 749 dum
2511 676 2520 689 ⁸

715 763 935 831 veritas
968 763 1170 828 menti
1207 783 1338 827 non
1374 762 1515 831 satis
1549 762 1791 828 relucet
1810 806 1832 847 ,
1869 763 2070 829 donec
2113 791 2185 831 ea
2217 791 2467 836 accura-

715 849 877 914 tiore
912 847 1198 914 examine
1225 845 1453 910 melius
1485 847 1910 929 investigetur.
1949 848 2063 913 Est
2099 868 2315 917 autem
2339 853 2469 918 uni·-

713 930 951 999 versale
988 948 1206 1003 contra
1245 930 1457 994 omnia
1496 932 1845 1019 praejudicia
1880 954 2247 1023 erroresque
2283 938 2470 1002 unde·-

718 1039 975 1105 cunque
1021 1013 1324 1079 oriundos
1376 1016 1769 1102 remedium3
1816 1017 1931 1105 qui
1968 1019 2135 1084 enim
2157 1068 2177 1097 ‚
2223 1021 2471 1089 veritate

715 1121 850 1165 non
891 1099 1036 1165 satis
1071 1098 1392 1163 relucente
1412 1145 1433 1184 ,
1471 1101 1779 1185 judicium
1817 1104 2172 1188 suspendit,
2207 1128 2339 1170 non
2373 1114 2473 1172 se'-

715 1185 940 1334 ffliitur
966 1184 1036 1246 in
1068 1180 1399 1266 judicando
1431 1186 1758 1271 opiniones
1788 1187 2147 1275 anticipatas
2167 1235 2187 1273 ‚
2228 1213 2345 1254 nec
2377 1185 2473 1276 ju-

763 1268 957 1335 'cium
995 1266 1118 1331 fert
1140 1282 1478 1354 antequam
1517 1273 2013 1339 convenientiam
2040 1273 2140 1338 vel
2166 1273 2467 1341 disconve-
2531 1314 2536 1317 -

716 1353 1019 1419 nientiam
1053 1351 1367 1439 praedicati
1395 1375 1544 1419 cum
1580 1356 1860 1442 subjecto
1885 1350 2055 1423 clare
2078 1359 2469 1446 perspexerit.

797 1556 929 1617 292.
977 1536 1286 1596 Senomon.
1330 1526 1473 1597 Cum
1507 1540 1845 1616 ‘praejudicia
1869 1553 1927 1600 et
1964 1559 2179 1600 errores
2202 1558 2272 1599 ex
2292 1538 2472 1598 animo

719 1612 996 1698 extirpari
1027 1632 1142 1671 non
1184 1631 1338 1694 posse
1377 1615 1684 1674 videantur
1713 1617 1828 1676 nisi
1858 1638 1962 1694 per
1986 1617 2289 1693 sapientem
2315 1615 2477 1675 dubi·-

713 1699 1020 1754 tationem,
1069 1699 1218 1748 recte
1241 1691 1461 1748 monuit
1486 1691 1811 1751 Carthesius
1836 1693 2087 1751 studium
2122 1689 2475 1769 philosophi-

722 1782 858 1823 cum
890 1762 962 1819 ab
1002 1780 1067 1820 ea
1103 1782 1217 1820 esse
1261 1764 1677 1843 inchoandum3
1707 1771 1858 1845 quod
1880 1770 1958 1826 ita
1989 1780 2173 1826 tamen
2202 1766 2477 1841 accipien-

717 1840 856 1900 dum
890 1846 1014 1923 est-3
1069 1847 1133 1892 ut
1172 1839 1412 1900 dubium
1453 1842 1600 1901 illud
1654 1864 1838 1919 neque
1875 1845 1945 1899 ad
1989 1854 2139 1899 certa
2179 1853 2237 1898 et
2269 1860 2374 1913 per
2416 1860 2479 1895 se

718 1915 1043 1986 evidentia,
1078 1932 1263 1988 neque
1295 1918 1366 1973 a'd
1404 1920 1744 1975 sanctissima
1772 1915 2077 1986 Religionis
2094 1923 2293 1968 nostrae
2315 1925 2475 1984 mysi·

720 1990 864 2050 teria
883 2033 902 2063 ‚
941 1989 1004 2046 in
1047 1988 1256 2065 quibus
1295 1990 1651 2051 temerarium
1679 1992 1821 2046 foret
1851 1987 1944 2044 vel
1974 2005 2079 2073 pro
2098 1985 2336 2043 minimo
2355 2006 2477 2044 mo—

718 2077 908 2124 mento
931 2066 1188 2123 dubitare
1205 2110 1222 2139 ‚
1240 2071 1590 2126 extendatur.
1615 2063 1758 2122 Dein
1779 2062 1947 2122 etiam
1972 2083 2032 2119 m
2056 2063 2225 2120 rebus
2245 2062 2480 2137 agendis

721 2142 825 2199 ubi
870 2142 1142 2217 operandi
1185 2143 1477 2202 necessitas
1514 2142 1698 2210 adest,
1750 2141 2075 2214 frequenter
2113 2138 2229 2196 sola
2264 2138 2481 2197 verisi-

721 2217 1045 2276 militudine
1083 2218 1330 2277 contenti
1355 2237 1467 2276 esse
1493 2216 1766 2293 cogimur.
1805 2215 1985 2272 Extra
2014 2214 2118 2273 hos
2152 2232 2311 2271 casus
2329 2255 2353 2283 ,
2386 2233 2480 2271 re-

717 2294 902 2354 medio
922 2292 1028 2353 hoc
1065 2295 1142 2354 ita
1169 2308 1359 2354 utatur
1382 2291 1756 2369 Philosophiae
1787 2303 1913 2367 tyro
1933 2335 1950 2365 ,
1975 2304 2040 2349 ut
2061 2301 2305 2350 mentem
2324 2309 2478 2349 suam

720 2370 995 2444 paulatim
1033 2392 1097 2428 ac
1121 2372 1304 2431 veluti
1339 2392 1443 2449 per
1482 2372 1878 2447 gradusexuat
1899 2368 2194 2441 omnibus,
2218 2387 2355 2443 quas
2382 2377 2470 2425 an-

715 2456 906 2502 teactae
922 2444 1052 2503 vitae
1083 2448 1489 2505 consuetudine
1514 2445 1785 2520 arripuit,
1811 2444 2179 2519 opinionibus
2194 2486 2213 2516 ‚
2241 2444 2472 2500 nullam·

718 2535 830 2597 que
871 2539 1062 2578 earum
1093 2519 1332 2599 amplius
1373 2520 1436 2576 in
1472 2520 1625 2578 veris
1651 2518 1853 2576 habeat
1873 2560 1891 2589 ,
1927 2518 2041 2575 nisi
2072 2531 2292 2577 maturo
2320 2518 2484 2594 prius

718 2596 976 2657 examine
1015 2602 1321 2674 probatam.
1366 2592 1523 2651 Hinc
1552 2593 1614 2649 in
1648 2592 1912 2650 omnibus
1947 2594 2334 2652 occasionibus
2377 2592 2491 2649 ubi

720 2672 866 2731 serio
911 2692 1000 2732 res
1062 2675 1251 2752 aliqua
1291 2669 1691 2747 perpendenda
1741 2678 1824 2725 est
1842 2708 1866 2736 ,
1911 2667 2151 2725 sollicite
2205 2664 2493 2740 despiciat

719 2761 910 2807 utrum
932 2750 1216 2826 principia
1237 2767 1308 2823 ex
1326 2746 1537 2824 quibus
1560 2742 1754 2821 opinio
1774 2762 1871 2801 sua
1887 2743 2119 2819 profluit
2132 2784 2149 2814 ,
2173 2741 2495 2818 aliquando

719 2836 974 2883 accurate
1001 2824 1353 2902 expenderit.
1386 2821 1537 2880 Dein
1581 2840 1711 2880 cum
1738 2820 1896 2878 audit
1927 2818 2040 2877 sibi
2066 2818 2384 2876 contradici
2408 2819 2493 2875 ab

720 2899 848 2957 aliis
877 2912 932 2958 et
958 2900 1273 2976 oppugnari
1300 2898 1595 2977 opiniones
1613 2941 1630 2971 ,
1674 2916 1813 2976 quas
1849 2894 2034 2955 adhuc
2075 2895 2139 2952 in
2175 2892 2341 2954 certis
2376 2892 2498 2951 haa-

719 2975 818 3032 bet
841 3017 859 3045 ‚
906 2990 1131 3033 rursum
1161 2976 1419 3052 indaget,
1461 2996 1536 3033 an
1576 2994 1828 3051 unquam
1866 2983 2191 3049 argumenta
2216 2989 2327 3030 suae
2354 2969 2497 3046 opiss

717 3048 908 3106 ilionis
943 3050 1006 3107 in
1040 3069 1276 3108 examen
1301 3050 1625 3125 vocaverit3
1660 3050 1720 3108 id
1764 3049 1815 3108 si
1856 3051 2067 3109 sactum
2098 3067 2213 3107 non
2227 3064 2349 3104 esse
2377 3048 2500 3105 de·-

717 3122 1100 3211 prehendatur
1123 3168 1142 3198 ‚
1163 3136 1306 3211 ‘tum
1350 3129 1450 3186 fiat
1464 3170 1484 3203 ‚
1532 3125 1814 3205 simulque
1868 3124 2129 3205 oppositae
2189 3122 2500 3183 sententiae

718 3211 975 3276 rationes¹
995 3212 1410 3279 examinentur.
