2707 4611
490 244 531 263 -‚
913 160 1003 235 de
1036 152 1310 258 Logica.
1809 153 1810 156 Ἴ
1897 179 2014 244 115

500 301 813 377 CAPUT
858 303 1296 378 DECIMUM
1330 305 1774 380 TERTIUM.

633 434 746 500 De
790 435 1265 501 concertatione
1305 436 1641 501 litteraria.

345 554 492 644 295.
536 554 674 704 qui
708 554 898 620 efficit
930 573 1002 620 ut
1029 557 1206 620 alteri
1236 557 1463 633 „yeritas
1493 557 1598 621 fiat
1633 573 1798 621 certa
1821 603 1841 641 ‚
1869 581 2032 622 con--

261 641 501 725 vincit,
547 645 578 702 a
609 657 702 704 ter
743 662 890 704 vero
941 640 1385 713 convincitur:
1438 642 1549 729 qui
1588 641 1840 706 alterius
1874 666 2021 707 sen-

263 727 523 793 tentiam
562 718 942 789 demonstrat
995 749 1119 790 esse
1155 725 1373 787 falsam
1394 770 1414 807 ‚
1461 722 1708 811 refutat
1764 750 1875 791 seu
1914 751 2020 791 re-

245 811 481 899 fellit3
531 810 640 896 qui
678 832 825 874 vero
862 809 1312 872 insufficienter
1356 826 1599 873 tantum
1642 811 2022 898 propositio-

264 898 366 961 nis
411 894 734 959 falsitatem
777 894 1004 980 prohat
1023 939 1044 976 ‚
1088 895 1459 979 impugnat.
1504 962 1509 966 ,

345 999 490 1088 294.
553 997 968 1064 Concercatio
1013 997 1328 1086 litteraria
1370 997 1479 1078 fit,
1515 997 1670 1061 dum
1715 999 1881 1076 alter
1924 998 2020 1062 alss

259 1085 446 1151 terius
483 1083 852 1150 sententiam
889 1082 986 1146 vel
1030 1081 1260 1146 refutat
1305 1081 1402 1147 vel
1452 1083 1798 1167 impugnat.
1841 1084 2018 1147 Pro·-

255 1171 482 1259 positio
521 1170 591 1231 in
639 1168 1048 1254 quaestionem
1080 1183 1289 1232 vocata
1328 1166 1519 1229 thesis
1558 1183 1991 1255 nuncupatur.

345 1284 492 1370 295.
547 1282 1060 1348 Concertantium
1113 1282 1306 1364 igitur
1349 1304 1515 1363 unus
1563 1299 1746 1364 negat
1769 1330 1788 1357 ‚
1843 1276 2023 1370 quo‘d

260 1367 421 1433 alter
457 1365 765 1453 affirmat3
793 1385 980 1454 atque
1025 1366 1178 1431 hinc
1214 1367 1332 1430 sibi
1359 1363 1825 1430 contradicunt:
1851 1368 2023 1429 unde

261 1453 486 1517 tritum
525 1450 687 1515 illud
720 1474 736 1518 ε
798 1452 1266 1517 Concertantes
1310 1459 1653 1516 versantur
1691 1448 1763 1512 in
1803 1450 2024 1512 termi-

266 1537 370 1600 nis
409 1536 941 1617 contradictoriis.

340 1653 474 1731 296.
518 1652 827 1711 Scnomon.
869 1654 1039 1711 Plura
1077 1642 1209 1710 sunt
1253 1671 1378 1728 quae
1422 1650 1728 1726 generatim
1764 1650 1828 1708 in
1863 1651 2020 1709 omni

265 1730 674 1788 concertatione
717 1729 934 1787 utiliter
954 1727 1253 1794 ⁸observari
1289 1738 1519 1803 possunt
1543 1747 1607 1784 ac
1628 1728 1833 1783 debent
1849 1770 1868 1802 ‚
1888 1745 2023 1804 quo-

264 1822 392 1862 rum
421 1806 613 1882 aliqua
648 1824 751 1881 pro
782 1805 1041 1863 instituto
1072 1803 1268 1879 paucis
1293 1802 1391 1860 hic
1420 1802 1779 1876 attingemus·⁴

471 2049 676 2097 LEGES
727 2047 1314 2097 CONCERTATioms
1355 2032 1797 2096 HTT'miAMAE.

969 2174 1199 2198 ΣΞ

894 2255 1033 2298 LEX
1070 2257 1321 2302 PRIMA.

353 2366 750 2435 Concertatio
795 2364 1094 2429 litteraria
1133 2388 1348 2428 amore
1392 2366 1713 2431 dumtaxat
1751 2368 2030 2435 veritatis

268 2452 369 2521 vel
426 2449 811 2519 inveniendae
875 2449 974 2515 vel
1021 2449 1292 2537 amplius
1349 2450 1786 2534 cognoscendae
1841 2454 2029 2519 insti-

271 2539 506 2604 tuenda
542 2554 668 2618 est:
693 2535 879 2620 proin
902 2534 1127 2621 procul
1151 2534 1360 2599 abesse
1382 2534 1610 2600 debent
1632 2537 1838 2600 omnis
1861 2540 2031 2603 inor-

267 2617 479 2704 dinata
517 2621 758 2686 affectio
777 2665 807 2702 -‚
846 2621 1124 2706 partium
1160 2621 1477 2701 studium,
1527 2636 1587 2682 et
1614 2643 2031 2707 quaecumque

266 2708 537 2773 veritatis
570 2706 994 2771 inventionem
1039 2707 1234 2788 magis
1266 2704 1623 2789 impediunt
1659 2713 1851 2789 quam
1874 2727 2031 2790 pro-

274 2810 545 2856 movent.
611 2789 707 2856 De
738 2791 817 2853 iis
857 2790 1049 2871 igitur
1091 2791 1280 2853 rebus
1327 2811 1599 2875 quarum
1626 2787 1880 2872 aliunde
1902 2791 2036 2871 ,jam

276 2891 445 2939 certa
486 2876 755 2940 habetur
806 2874 1029 2939 veritas
1054 2921 1077 2947 ,
1131 2890 1237 2936 aut
1292 2895 1434 2959 quae
1482 2873 1745 2935 humani
1794 2873 2033 2955 ingenii

274 2974 531 3046 captum
563 2975 894 3044 superant,
937 2956 1315 3021 concertatio
1351 2956 1725 3021 instituenda
1758 2978 1886 3021 non
1906 2974 2026 3023 est.

926 3115 1059 3161 LEX
1102 3112 1416 3161 SECUNDA.

358 3214 568 3287 Status
611 3224 1037 3287 controversiae
1080 3222 1289 3309 primo
1326 3223 1614 3287 omnium
1653 3221 1796 3287 loco
1832 3222 2035 3289 verbis

279 3304 679 3372 usitatissimis
709 3323 772 3372 et
793 3308 1062 3371 maxime
1097 3308 1256 3395 aptis
1296 3307 1651 3393 explicetur
1686 3322 1747 3371 et
1778 3330 2033 3395 prorsus

279 3387 475 3455 nitide
512 3408 904 3479 exponatur3
951 3391 1124 3480 quod
1170 3392 1288 3458 nisi
1326 3391 1471 3470 fiat,
1508 3415 1789 3479 pronum
1826 3411 1915 3461 est
1957 3406 2032 3457 ut

1410 3477 1554 3545 He
