2707 4611
540 257 563 302 1
575 239 654 304 08
1179 249 1184 255 ’
1278 245 1622 314 Tractatus

535 380 664 440 est,
690 362 799 428 sed
841 364 1062 431 veritas
1096 365 1357 433 sollicite
1399 367 1811 451 investiganda
1836 416 1856 452 ,
1889 389 1962 437 ut
1987 372 2136 439 dein
2163 421 2185 460 ,
2216 398 2288 446 re

531 448 892 514 omnimode
919 449 1248 536 ponderata
1277 496 1297 533 ,
1332 451 1428 516 vel
1453 476 1602 517 cum
1625 454 1739 518 illo
1780 460 2281 550 consentiamu5‚

530 532 627 596 vel
652 536 732 599 ab
754 537 880 618 eju's
913 535 1210 600 sententia
1231 533 1505 601 modeste
1525 539 1909 605 recedamus.
1930 541 2098 608 Huic
2120 569 2287 633 prae-

525 614 762 700 judicio
802 621 1001 684 omnis
1043 619 1299 706 quidem
1323 666 1341 700 ,
1384 621 1490 685 sed
1536 622 1847 709 imprimis
1898 628 2109 693 tenera
2148 648 2284 698 aetas

529 702 801 785 subjecta
835 720 922 768 est
941 726 964 791 3
1012 704 1195 789 pueri
1232 706 1439 789 enim,
1482 730 1626 770 oum
1652 730 1768 772 nec
1800 708 1895 772 rei
1929 733 2046 776 nec
2085 715 2284 801 ipsius

526 787 905 854 auctoritatis
964 789 1393 854 examinandae
1448 814 1695 877 capaces
1747 792 1910 877 sint,
1964 795 2152 864 simul
2204 826 2294 866 ue

527 871 1002 938 submissionem
1036 873 1248 951 illam,
1291 899 1484 962 quam
1509 877 1577 940 in
1601 878 1949 943 actionibus
1968 882 2096 946 suis
2120 883 2284 949 alio-

526 976 673 1019 rum
717 958 1047 1023 directioni
1095 976 1384 1046 praestare
1415 980 1766 1047 coguntur,
1808 964 1887 1026 ab
1912 987 1980 1028 ea
2024 968 2175 1052 quae'
2200 971 2281 1033 ad

524 1039 850 1126 opiniones
886 1043 1192 1129 pertinet,
1233 1067 1367 1108 non
1431 1045 1815 1132 discernant,
1855 1051 2279 1120 auctoritatem

525 1124 869 1211 quamlibet
907 1149 1016 1191 seu
1065 1145 1407 1213 parentum
1446 1153 1555 1205 seu
1594 1134 1915 1209 nutricum
1939 1158 2054 1221 pro
2076 1136 2278 1222 prima

523 1208 794 1275 veritatis
826 1208 1044 1294 regula
1067 1211 1460 1300 ⁴admittunt5
1510 1239 1641 1302 quo
1683 1216 1749 1281 fit
1771 1263 1793 1302 ‚
1844 1235 1926 1282 ut
1965 1220 2279 1309 quidquid

494 1317 675 1359 ‚cum
718 1294 788 1359 e'a
819 1318 952 1361 non
983 1313 1260 1383 pugnat,
1301 1314 1537 1363 temere
1560 1301 1890 1389 arripiant.¹
1908 1302 2032 1370 Sed
2071 1328 2279 1394 neque

519 1377 797 1451 infantiae
841 1398 950 1446 aut
987 1381 1265 1467 pueritiae
1302 1383 1482 1449 annis
1516 1387 1896 1455 auctoritatis
1935 1389 2024 1457 im
2074 1391 2283 1462 erium

518 1466 1094 1548 terminatur3sunt
1115 1468 1286 1532 enim
1317 1467 1436 1539 viri
1471 1491 1631 1556 saepe
1665 1494 1797 1537 non
1831 1473 2015 1538 ineru
2064 1475 2134 1539 iti
2160 1477 2274 1563 qui

519 1548 725 1615 eidem
759 1549 1216 1639 subjiciuntur3
1247 1551 1410 1619 nihil
1445 1553 1614 1618 enim
1654 1557 1917 1642 pronius
1957 1576 2049 1629 est
2087 1583 2280 1648 quam

521 1651 595 1713 ut
644 1656 713 1707 ea
760 1657 877 1720 pro
933 1636 1093 1701 veris
1134 1637 1401 1703 babeant
1421 1684 1442 1723 ‚
1506 1662 1647 1726 quae
1686 1639 1726 1707 'a
1758 1641 2120 1721 doctoribus
2157 1668 2279 1711 au-

519 1718 700 1784 diunt
748 1739 766 1784 ε
812 1733 1000 1804 atque
1038 1722 1171 1786 haec
1216 1739 1308 1788 est
1346 1723 1542 1807 ratio,
1579 1749 1695 1791 cur
1732 1727 2046 1795 rarissime
2093 1729 2270 1793 dese-

514 1818 733 1867 rantur
754 1802 1081 1888 opiniones
1115 1809 1240 1887 jam
1264 1826 1526 1895 receptae
1552 1854 1574 1891 ,
1597 1811 1745 1875 item
1779 1835 1895 1877 cur
1917 1813 2111 1897 multa
2141 1812 2274 1877 solo

515 1888 797 1953 novitatis
829 1885 1012 1963 titulo
1048 1889 1414 1972 rejiciantur
1440 1937 1463 1975 ,
1500 1907 1615 1955 etc.

600 2047 741 2113 288.
785 2049 1014 2114 Praeter
1044 2048 1434 2138 praejudicia,
1473 2048 1800 2139 praecipuae
1850 2063 2266 2118 numerantur

515 2149 836 2219 sequentes

1044 2313 1410 2383 Errorum
1442 2324 1711 2402 causae·

1231 2533 1554 2557 ms·

1174 2700 1383 2751 CAUSA
1429 2698 1653 2748 PRIMA.

423 2941 429 2948 ἢ
602 2870 925 2957 Defectus
963 2872 1205 2937 aedulae
1227 2866 1585 2951 voluntatis
1600 2866 1926 2931 rationum
1948 2878 2280 2931 momenta

522 2956 931 3041 expendendi
944 2983 971 3036 ‚-
996 2979 1221 3041 nempe
1246 2955 1356 3021 alii
1373 2953 1725 3029 inordinato
1745 2949 2139 3044 voluptatum
2160 2966 2281 3017 stu-

523 3040 631 3103 dio
662 3039 1000 3106 trabuntur
1014 3084 1038 3124 ‚
1058 3036 1235 3127 quod
1263 3062 1416 3105 cum
1438 3038 1723 3103 animum
1744 3035 2019 3103 emolliat
2037 3081 2062 3120 2
2075 3052 2282 3136 ’eum-2

568 3175 571 3178 .
616 3146 650 3187 e
686 3124 926 3205 obiecto
962 3120 1294 3210 voluptatis
1314 3125 1589 3190 nimium
1607 3120 1856 3206 affigat5
1880 3133 2281 3219 attentlone‘m

523 3147 812 3273 Etr-abit
827 3256 848 3292 ,
885 3210 1237 3296 mentisque
1269 3231 1540 3275 acumen
1574 3207 1858 3273 retundit
1888 3229 1904 3273 :
1945 3205 2051 3271 alii
2088 3206 2278 3269 ninua

528 3293 608 3359 ad
628 3295 869 3374 negotia
909 3318 1022 3360 sua
1056 3317 1134 3381 ap
1180 3289 1475 3359 linatione
1498 3319 1531 3380 3·
1545 3292 1652 3357 alii
1677 3293 1992 3359 aversione
2011 3288 2279 3389 quatiam

469 3413 476 3419 ·
526 3404 562 3443 a
590 3376 986 3444 meditatione
1010 3381 1096 3444 ita
1154 3375 1556 3456 ¹istrahuntur
1571 3425 1591 3460 ,
1613 3394 1689 3443 ut
1702 3394 2032 3465 nunquam
2056 3398 2279 3440 senam

529 3461 966 3549 cogitationem
1004 3464 1074 3525 in
1102 3463 1388 3526 animum
1403 3463 1746 3548 ‘admittant
1788 3483 1804 3526 :
1850 3461 1957 3523 alii
1991 3474 2283 3527 metuunt
