2707 4611
954 258 1037 324 a.»
1084 256 1355 348 Lag-ica.
1465 292 1470 295 -
1934 258 2048 353 ‚137
2109 242 2116 247 ’

932 434 1258 520 'onium-10
1355 471 1423 518 11.
1806 416 1810 421 1
1910 423 1916 429 ’

406 622 831 697 Confessarius
866 630 1248 719 quandoque
1298 644 1619 695 excusatur
1655 655 1690 694 a
1739 629 2060 697 mendacio

325 738 441 815 per
473 714 918 781 restrictionem
948 740 1108 803 pure
1137 714 1508 781 mentalem:
1536 737 1681 798 ergo
1720 713 1895 781 nulla
1917 716 2063 782 the-

326 824 426 865 sis.

324 948 331 955 ,
407 882 478 947 Ρ.
504 882 577 947 Δ.
596 883 890 970 Suppone
930 880 1368 948 confessarium
1391 881 1626 947 novisse
1647 904 1726 947 ex
1756 879 1883 947 sola
1904 905 2064 948 con-

250 988 260 997 ·
325 966 587 1032 fessione
629 967 870 1032 furtum
908 966 1119 1052 Petri3
1167 966 1274 1030 tali
1320 989 1464 1031 casu
1504 964 1902 1032 confessarius
1951 968 2064 1034 in-

323 1067 665 1135 terrogatus
717 1075 799 1115 an
847 1051 998 1116 sciat
1039 1053 1296 1116 Petrum
1350 1050 1722 1115 commisisse
1774 1050 2016 1116 furtum
2037 1096 2063 1137 ,

324 1136 459 1199 sine
495 1134 814 1199 mendacio
849 1135 1217 1223 respondere
1243 1150 1439 1221 potest
1476 1136 1685 1198 nescio
1715 1181 1735 1218 ‚
1758 1133 2067 1202 subintel-

323 1218 576 1302 ligendo
610 1230 794 1285 extra
837 1218 1302 1307 confessionem
1329 1245 1353 1297 ,-
1390 1219 1564 1304 atqui
1599 1219 1732 1283 haec
1762 1220 2065 1285 restrictio

326 1302 681 1377 confessarii
724 1320 811 1366 est
845 1327 1001 1403 pure
1029 1302 1328 1368 mentalis.

412 1385 484 1449 P.
510 1385 576 1450 S.
593 1387 915 1453 Restrictto
950 1411 1108 1475 pure
1135 1387 1417 1451 mentalis
1443 1404 1533 1452 est
1550 1431 1572 1469 ‚
1607 1385 1759 1451 dum
1791 1384 2068 1451 nullate—

328 1491 449 1535 nus
497 1470 926 1537 manifestatur
959 1471 1277 1555 audienti3
1305 1472 1481 1557 atqui
1507 1516 1529 1554 ,
1551 1487 1623 1534 ut
1656 1469 2054 1557 supponitur,

327 1553 637 1620 restrictio
665 1555 1015 1620 confessarii
1051 1555 1406 1621 nullatenus
1436 1553 1859 1620 manifestatur
1884 1573 2070 1637 :ergo

316 1654 419 1716 est
463 1659 622 1724 pure
652 1640 977 1704 mentalis.

413 1721 494 1786 R.
510 1721 590 1787 Ν.
603 1721 680 1788 C.
698 1721 775 1787 In
789 1721 1001 1808 lingua
1017 1721 1187 1788 enim
1207 1720 1473 1788 ecclesiae
1489 1720 1651 1786 illud
1669 1721 1878 1785 nescio
1901 1720 2070 1785 idem

328 1804 490 1871 valet
524 1823 598 1870 ac
640 1807 849 1872 nescio
899 1818 1081 1872 extra
1125 1804 1590 1894 confessionem
1603 1831 1631 1885 ,-
1667 1806 1956 1871 omnibus
1977 1805 2070 1868 si-

331 1889 590 1977 quidem
630 1909 850 1957 notum
898 1915 1025 1956 esse
1070 1908 1266 1977 potest
1289 1936 1311 1974 ,
1351 1889 1795 1955 confessarium
1825 1890 1892 1955 in
1910 1904 2071 1955 con-

311 1975 670 2038 ‚versatione
716 1975 989 2039 humana
1030 1997 1160 2039 non
1203 1975 1383 2040 aliter
1422 1996 1595 2062 posse
1650 1972 1716 2040 lo
1763 1975 1830 2038 ui
1878 1997 2113 2060 quam·

334 2056 675 2121 secundum
706 2059 1021 2124 scientiam
1060 2058 1397 2124 humanam
1419 2105 1441 2143 ,
1488 2074 1548 2124 et
1577 2118 1581 2123 .
1607 2058 1718 2123 nul
1737 2076 1956 2137 ¹utentis
1991 2081 2073 2123 ex

336 2139 763 2224 confessione3
804 2141 972 2205 unde
1008 2158 1069 2205 et
1104 2144 1235 2231 ipse
1273 2145 1659 2226 interrogans
1687 2153 1816 2219 non
1856 2165 2072 2207 cense-

338 2235 442 2282 tur
489 2222 929 2286 confessarium
965 2225 1347 2310 interrogare
1372 2273 1394 2310 ‚
1432 2228 1551 2290 nisi
1587 2224 1664 2288 de
1701 2228 1884 2289 rebus
1919 2246 2073 2311 quas

338 2317 511 2366 extra
556 2303 999 2369 confessionem
1041 2309 1245 2392 novit3
1284 2310 1439 2370 dum
1481 2329 1634 2392 ergo·
1672 2308 2073 2375 confessarius

335 2385 662 2472 respondet
713 2411 777 2451 se
825 2387 1060 2452 nescire
1079 2433 1099 2472 ,
1136 2388 1216 2452 ad
1269 2412 1517 2454 sensum
1577 2391 2072 2476 interrogationis

330 2468 709 2555 subintelligi
730 2470 911 2535 debet
928 2483 1111 2536 extra
1131 2469 1597 2561 confhssionem
1614 2502 1638 2538 .·
1651 2477 1912 2564 proinde
1931 2502 2072 2566 quae

334 2554 439 2618 hic
477 2554 685 2622 subest
717 2556 1062 2640 restrictio,
1104 2579 1247 2622 vere
1286 2557 1471 2622 realis
1510 2575 1619 2622 est.

984 2735 1299 2785 ῙΝΕΤΔΒῙΒἱ
1334 2739 1359 2782 Ι
1371 2730 1426 2781 .⁰

340 2863 345 2868 ’
421 2857 616 2946 Atqui
650 2858 1050 2940 interrogatio
1085 2873 1215 2925 non
1253 2859 1507 2927 involvit
1536 2860 1696 2925 hanc
1730 2860 2072 2928 restrictio·-

336 2961 480 3002 nem
530 2953 735 3038 extra·
755 2942 1224 3031 confessionem
1245 2971 1268 3015 ε
1312 2968 1459 3028 ergo
1498 2943 1668 3011 nulla
1698 2944 1942 3012 soluti0.
2057 2942 2070 2958 ⁸

418 3044 489 3109 P.
509 3044 573 3109 S.
594 3045 660 3111 Si
696 3046 827 3130 lpaec
856 3048 1157 3112 restrictio
1191 3050 1752 3135 subintelligeretur
1776 3052 1843 3116 in
1865 3074 2069 3141 quaes·

339 3127 506 3193 tione
533 3173 553 3209 ,
586 3129 989 3202 confessarius
1021 3135 1391 3204 mentiretur
1436 3135 1859 3235 respondendo
1897 3136 2024 3199 scio
2048 3181 2071 3219 ‚

339 3236 485 3311 cum
507 3212 671 3276 extriz
691 3214 1136 3281 confessionem
1155 3219 1419 3305 nesciat3
1446 3236 1619 3307 atqui
1645 3219 2074 3307 respondendo

338 3320 465 3361 selo
504 3318 634 3359 non
681 3302 1074 3365 mentiretur.

421 3382 500 3445 R.
524 3378 606 3445 D.
627 3382 692 3447 S.
722 3384 912 3470 Atqui
952 3384 1378 3471 respondendo
1421 3386 1549 3451 scio
1599 3410 1727 3451 non
1762 3388 2073 3453 mentire-

341 3479 445 3526 tur
465 3509 487 3542 ,
544 3466 595 3529 si
638 3490 914 3553 expresse
975 3470 1389 3554 interrogetur
1443 3487 1516 3536 ut
1539 3545 1543 3551 Δ
1567 3469 1968 3538 confessarius
2018 3488 2079 3536 et

237 3561 243 3568 ’
348 3546 480 3630 ipse
516 3550 814 3634 significet
858 3577 923 3619 se
975 3552 1153 3641 loqui
1200 3555 1277 3619 ex'
1333 3553 1582 3620 scientia
1629 3552 2036 3622 ‘confessionis
2054 3599 2079 3639 ,

347 3632 620 3699 concedo
642 3636 1079 3726 subsumptam
1110 3659 1125 3706 :
1148 3639 1322 3726 atqui
1353 3639 1781 3726 respondendo
1799 3638 1927 3704 scio
1952 3661 2082 3704 non

1869 3836 1891 3866 3
