2707 4611
994 262 1092 330 -de
1128 262 1403 355 Logica.
1891 292 1894 297 ·
1961 292 2076 358 117

324 400 566 452 sentare
610 397 685 448 ut
709 379 1057 448 circulum:
1106 405 1255 468 ergo
1295 383 1411 472 qui
1448 382 1763 465 objectum
1820 384 2081 474 aliquod

326 467 598 556 concipit
635 484 713 532 ut
743 488 1114 553 corporeum
1133 514 1154 551 ,
1189 491 1320 545 non
1365 484 1565 556 potest
1588 468 1749 534 illud
1790 470 1911 535 sibi
1971 486 2106 537 re'-'

324 570 696 643 praesentare
735 568 807 615 ut
849 573 1091 616 summe
1124 552 1499 639 perfectum.

404 655 597 720 Proh.
624 654 1080 737 consequentia.
1098 651 1245 717 Non
1269 653 1479 716 minus
1494 670 1802 741 repugnat
1821 669 1897 719 ut
1914 654 2085 720 idem

321 740 639 823 objectum
660 737 738 800 sit
753 735 943 800 simul
957 735 1571 835 summe-perfectum
1593 754 1655 802 et
1676 761 2079 829 corporeum,

208 881 245 890 ,Α
325 847 517 913 quam
563 839 634 887 ut
669 819 884 885 eadem
927 821 1127 902 figura
1158 837 1246 898 ,stt
1288 818 1478 885 simul
1516 821 1810 915 quadrata
1852 840 1912 887 et
1946 825 2081 887 cir-

327 909 591 976 cularis:
624 906 801 992 atqui
830 905 943 992 qui
977 904 1243 988 figuram
1270 904 1608 992 quamdam
1636 906 1986 993 conciperet
2007 925 2080 972 ut

326 993 720 1081 quadratam:
773 1012 904 1056 non
938 1005 1143 1076 posset
1175 988 1350 1053 illam
1387 990 1505 1054 sibi
1543 1009 1984 1077 repraesentare
2010 1008 2081 1056 ut

321 1075 634 1141 circulum
655 1099 676 1160 3
705 1096 854 1160 ergo
890 1098 1003 1139 nec
1028 1073 1137 1153 ille
1159 1075 1274 1160 qui
1309 1073 1625 1163 objectum
1640 1074 1896 1161 aliquod
1915 1098 2077 1140 con-

319 1162 475 1249 cipit
507 1177 580 1224 ut
621 1166 1034 1247 corporeum,
1056 1175 1254 1245 potest
1286 1157 1449 1224 illud
1480 1160 1601 1223 sibi
1637 1177 2079 1247 repraesentare

318 1263 396 1312 ut
425 1267 669 1308 summe
702 1243 1071 1331 perfectum.
1231 1262 1235 1269 ·

403 1328 598 1413 Resp.
622 1327 762 1392 dist.
803 1351 1210 1416 consequens.
1233 1328 1301 1393 Si
1355 1327 1576 1394 eodem
1639 1328 1829 1394 modo
1879 1326 2078 1393 videat

321 1414 797 1500 repugnantiam
828 1414 991 1478 inter
1025 1437 1150 1477 esse
1184 1437 1561 1499 corporeum
1593 1430 1654 1478 et
1685 1436 1810 1477 esse
1835 1435 2079 1477 summe

321 1495 713 1583 perfectum,
746 1522 877 1582 quo
912 1497 1205 1585 perspicit
1240 1497 1720 1584 repugnantiam
1751 1498 1914 1561 inter
1948 1520 2076 1560 esse

319 1580 667 1646 rotundum
698 1598 758 1645 et
790 1584 1169 1668 quadratum
1190 1628 1211 1665 ,
1257 1581 1534 1646 concedo
1572 1598 1810 1648 totum:
1859 1580 1911 1645 si
1957 1581 2078 1645 ho-

321 1666 561 1730 minem
593 1666 916 1730 rudem-et
947 1667 1209 1730 idiotam
1239 1689 1554 1753 supponas
1575 1712 1596 1750 ,
1666 1665 1779 1752 qui
1833 1687 2075 1750 repug-

319 1750 598 1816 nantiam
638 1748 814 1814 illam
856 1752 1136 1832 ignorat,
1181 1772 1342 1832 nego
1376 1748 1903 1836 consequentiam.
1931 1747 2080 1814 Dis-

318 1835 546 1920 paritas
578 1835 790 1920 itaque
824 1851 935 1918 est,
970 1833 1142 1920 quod
1174 1832 1427 1918 figurae,
1471 1856 1610 1920 quae
1650 1832 1924 1910 circulus
1952 1856 2078 1898 esse

314 1915 694 2005 supponitur
715 1963 736 2000 ,
778 1918 996 1983 haberi
1036 1916 1171 1981 idea
1219 1935 1526 2006 nequeat,
1570 1917 1691 1979 nisi
1731 1939 2079 2005 repraesen-

316 2019 482 2067 tetur
517 2021 589 2067 ut
635 2001 937 2084 rotunda3
961 2024 1154 2089 porro
1178 2004 1331 2088 quia
1361 2000 1679 2067 manifesta
1699 2018 1789 2065 est
1817 2003 2077 2067 omnino

318 2086 726 2168 repugnantia
792 2087 957 2150 inter
1002 2109 1133 2150 esse
1180 2087 1528 2154 rotundum
1587 2102 1649 2149 et
1683 2084 1872 2150 simul
1912 2110 2080 2173 qua-

321 2164 610 2250 dratum,
657 2168 1048 2231 rotunditatis
1091 2172 1553 2255 repraesentatio
1593 2192 1668 2234 eo
1695 2170 1841 2255 Jipso
1879 2171 2082 2257 impe-

322 2245 493 2314 ditur
518 2294 539 2332 ,
588 2260 719 2333 quo
777 2250 975 2330 figura
1038 2250 1149 2311 ista
1193 2270 1266 2314 ut
1305 2254 1609 2337 quadrata
1670 2255 2074 2340 concipitur3

324 2356 474 2415 ergo
518 2349 672 2398 tunc
714 2331 933 2396 circuli
978 2330 1155 2394 nulla
1186 2332 1452 2396 habetur
1483 2334 1661 2398 idea:
1701 2357 1921 2400 verum
1949 2361 2080 2403 non

324 2417 574 2485 evidens
606 2415 760 2479 adeo
796 2433 887 2480 est
932 2415 1338 2499 repugnantia
1380 2415 1544 2480 inter
1610 2421 2082 2505 corporeitatem

324 2520 387 2567 et
424 2525 736 2567 summam
764 2500 1211 2588 perfectionem
1235 2546 1255 2583 ,
1287 2498 1447 2586 quin
1477 2499 1785 2589 aliquem,
1823 2528 2080 2592 praeser-

322 2588 437 2652 tim
480 2587 738 2650 idiotam
763 2633 784 2671 ,
823 2585 1016 2651 latere
1051 2586 1276 2671 possit:
1322 2608 1453 2671 quo
1498 2606 1641 2651 casu
1666 2610 1911 2655 summa
2019 2615 2084 2653 r-

320 2671 507 2737 sectio
528 2670 750 2748 *adhuc
785 2672 1213 2758 repraesentari
1267 2669 1542 2756 poterit,
1581 2669 1727 2736 licet
1761 2696 1871 2748 ens
1921 2674 1940 2735 i
1971 2673 2084 2737 lud

325 2779 698 2855 corporeum
716 2778 839 2821 esse
855 2772 1133 2842 putetur.
1152 2756 1326 2818 Patet
1341 2754 1464 2818 hoc
1490 2754 1560 2818 in
1580 2756 1865 2844 exemplo
1884 2757 2080 2826 trian-

328 2840 458 2920 guli
496 2841 565 2904 in
605 2840 972 2927 probatione
1006 2839 1193 2903 thesis
1228 2837 1514 2920 allegato.

991 2966 1283 3014 msa-‚tuns
1331 2942 1427 3012 3⁰.

412 3052 613 3138 Atqui
655 3053 877 3139 nequit
916 3075 1157 3117 summa
1211 3052 1513 3140 perfectio
1550 3058 1618 3121 in
1661 3082 1806 3125 casu
1844 3079 2083 3148 reprae-

322 3138 597 3221 sentari3
648 3161 795 3221 ergo
832 3137 1004 3202 nulla
1037 3137 1285 3203 solutio.

405 3234 595 3300 Proh.
613 3235 782 3306 subs.
807 3234 939 3322 Qui
959 3236 1317 3321 conciperet
1356 3260 1464 3303 ens
1504 3236 1761 3324 aliquod
1788 3257 1861 3304 ut
1902 3264 2083 3307 crea-

328 3335 569 3402 turam,
615 3344 746 3384 non
775 3336 975 3407 posset
1016 3320 1178 3386 illud
1220 3322 1551 3409 concipere
1575 3338 1648 3388 ut
1662 3347 1904 3391 summe
1969 3350 2080 3392 er·-

327 3402 600 3472 fectum:
655 3428 803 3488 ergo
847 3429 1053 3492 neque
1100 3407 1214 3495 qui
1248 3407 1522 3506 concipit
1561 3430 1669 3472 ens
1702 3407 1917 3497 aliquo
2000 3425 2074 3474 ut

329 3508 702 3632 porporeum
726 3537 755 3574 ,.
790 3508 989 3577 potest
1024 3491 1187 3558 illud
1220 3514 1554 3582 concipere
1583 3510 1655 3560 ut
1675 3516 1918 3562 summe
1936 3515 2082 3579 per-

365 3586 591 3638 ectum.
1817 3623 1821 3627 -
