2707 4611
448 660 556 737 De
599 659 852 750 reliquis
896 630 1547 747 ‚argumentationum
1595 625 1944 720 speciebus.

413 847 549 916 165.
577 837 1022 929 Enthymema
1081 846 1172 894 est
1228 818 1653 910 syllogismuS‚
1690 808 1890 889 «cujus
1947 819 2076 865 una

324 935 630 1027 przemissa
672 932 741 992 in
776 939 983 989 mente
1016 916 1314 980 reticetur
1341 950 1363 985 ,
1405 915 1733 999 propterea
1767 887 1938 978 quod
1957 895 2074 972 per

324 1049 388 1088 se
424 1048 457 1086 a
492 1039 713 1108 quovts
767 1004 1034 1087 intelligi
1087 1021 1159 1061 ac
1199 985 1477 1077 supplem
1531 980 1770 1067 possit.{
1806 973 1888 1039 Ut
1928 971 2082 1038 dum

464 1418 649 1486 Prior
687 1404 1033 1502 propositio
1053 1393 1433 1465 antecedens
1457 1411 1478 1464 ς

347 1504 540 1572 audit.

447 1616 584 1680 166.
604 1607 918 1678 Praemissa
952 1604 1020 1667 in
1055 1597 1508 1684 enthymemate
1541 1571 1968 1645 subintellecta
2001 1562 2107 1628 fa·-

362 1700 479 1767 cile
521 1695 892 1785 suppletur,
917 1689 979 1773 lsi
1015 1683 1362 1763 reflectatur
1399 1672 1708 1756 minorem
1755 1673 2109 1755 extremum

359 1807 600 1870 semper
628 1804 756 1845 esse
785 1776 1130 1855 subjectum
1152 1815 1170 1849 ‚
1197 1766 1495 1845 majorem
1518 1772 1664 1818 vero
1703 1769 1779 1833 pr
2087 1817 2106 1833 ⁶

355 1865 804 1944 conclusionis,
850 1876 909 1924 et
942 1857 1284 1924 terminum
1322 1841 1603 1908 medium
1641 1832 1829 1897 illum
1852 1846 1977 1890 esse
1995 1839 2113 1907 qm

353 1957 422 2018 iu
477 1949 878 2018 conclusione
946 1966 1076 2007 non
1118 1936 1404 2026 ponitur.
1444 1920 1847 2013 Quandoque
1899 1926 2118 1983 „tamen

357 2039 750 2127 enthymema
788 2031 866 2096 ad
899 2025 1330 2117 syllogismum
1351 2011 1700 2098 simplicem
1727 1995 1945 2065 reduci
1981 2009 2119 2091 pon

268 2158 271 2161 ¹
358 2140 594 2209 potest,
633 2118 906 2195 scilicet,
936 2114 1090 2176 dum
1130 2101 1449 2171 conclusio
1487 2113 1547 2160 et
1581 2083 1947 2169 antecedens
1984 2098 2111 2140 us·-

367 2208 509 2274 dem
554 2216 834 2266 constant
857 2195 1138 2260 terminis
1159 2237 1179 2271 ,
1217 2184 1404 2272 quale
1451 2196 1541 2244 est
1573 2177 1698 2241 hoc
1724 2193 1744 2238 ι

582 2312 813 2378 Omnis
845 2307 1041 2369 homo
1081 2317 1168 2363 est
1198 2297 1466 2378 anima13

584 2400 757 2479 Ergo
805 2388 1033 2474 aliquis
1078 2383 1273 2447 homo
1319 2394 1409 2441 est
1442 2370 1694 2438 animal.
1735 2449 1740 2456 ¹

383 2516 536 2603 Quo
577 2533 722 2578 casu
761 2500 1111 2590 completur
1172 2489 1565 2583 syllogismus
1604 2480 1950 2572 supplendo
2000 2498 2141 2541 ma·-

383 2605 582 2687 jorem
623 2586 1108 2661 conditionalem
1144 2592 1537 2645 constantem
1577 2571 1792 2635 eodem
1818 2612 1839 2647 ‚
1883 2584 2014 2648 quo
2035 2583 2145 2623 en-

386 2687 704 2774 thymema
724 2724 745 2763 ,
782 2671 1177 2741 antecedente
1216 2682 1278 2729 et
1318 2657 1754 2743 consequente.
1775 2651 1879 2717 Sic
1907 2649 1979 2710 in
2006 2666 2149 2709 casu

295 2803 307 2815 ·
393 2767 743 2856 completur
780 2759 1210 2851 syllogismus,
1251 2749 1302 2813 si
1345 2748 1481 2811 haec
1524 2743 1721 2821 major
1750 2732 2105 2822 suppleatur
2126 2776 2150 2814 ‚

399 2854 632 2919 scilicet
657 2871 674 2916 t
720 2846 796 2910 Si
826 2843 1036 2910 omnis
1055 2841 1245 2904 homo
1266 2842 1361 2896 est
1380 2824 1672 2899 animal,
1698 2818 1929 2907 aliquis
1963 2816 2151 2881 homo

378 2947 495 3002 est
519 3008 526 3015 ‚
550 2932 824 2999 animal.
852 2926 1091 2993 Eodem
1145 2917 1335 2987 modo
1392 2908 1861 3003 procedendum
1901 2904 1971 2967 in
2019 2901 2159 2967 aliis

403 3020 713 3090 similibus
753 3013 1013 3081 casibus.
2021 3021 2028 3032 ,

497 3135 575 3200 16
622 3177 639 3194 .
666 3126 1104 3215 Epicherema
1126 3095 2161 3209 nuncupatur'syllogismusmuius

408 3221 508 3302 vel
541 3243 574 3284 a
604 3212 828 3282 terutri
880 3208 977 3275 vel
1017 3204 1271 3290 utrique
1317 3214 1771 3286 praemissarum
1811 3211 1915 3251 sua
1961 3183 2165 3249 statim

411 3305 572 3373 ratio
607 3296 966 3381 adjungitur
989 3338 1009 3375 ‚
1030 3311 1160 3377 quo
1177 3282 1553 3352 adversarius
1567 3275 1705 3364 'uno
1737 3272 1907 3341 velut
1925 3272 2168 3355 impetu

419 3388 894 3468 constringatur.
914 3376 1071 3445 Tale
1106 3389 1196 3439 est
1231 3386 1537 3457 sequens:

622 3521 834 3598 Omne
882 3537 991 3579 ens
1023 3507 1285 3596 simplex
1335 3519 1427 3568 est
1463 3489 1984 3584 incorruptibile3
2036 3495 2176 3575 upa

707 3604 880 3671 enim
927 3598 1114 3668 habet
1144 3609 1348 3684 partes
1385 3588 1456 3656 iu
1496 3606 1650 3673 quas
1686 3574 1907 3647 resolvi
1944 3578 2178 3650 poss1t3
