2707 4611
991 256 1070 325 de
1092 254 1384 346 ›Lug-ica.
1511 199 1516 204 ·
1973 251 2057 342 89

398 393 544 461 258.
615 393 845 459 Praeter
884 388 1373 475 haeegeneraria.
1417 389 1561 456 artis
1614 388 1839 454 criticae
1894 388 2059 453 cirea

318 478 744 545 testimonium
767 476 1091 541 hominum
1111 486 1441 565 praeoepta,
1464 475 1843 559 assignantur
1862 471 2065 538 adhue

323 562 608 652 quaedam
650 558 939 650 speciales
1875 576 1901 589 «-

657 860 663 865 ,
764 754 1172 827 REGULAE
1221 750 1628 822 onmem

704 946 911 1018 Circa
957 942 1421 1025 veracitatem
1466 939 1688 1013 testi-5.

928 1265 1193 1315 REGULA
1240 1263 1467 1313 PRIMA.

409 1430 631 1498 Fidem
665 1455 795 1498 non
832 1449 1111 1497 meretur
1148 1430 1259 1517 qui
1296 1429 1624 1518 aliquoties
1657 1425 1808 1505 falsa
1834 1426 2067 1491 referre

326 1516 404 1588 de
455 1516 748 1582 rehensus
785 1535 894 1581 est.
921 1515 1039 1581 Vel
1074 1518 1241 1580 enim
1280 1539 1353 1578 ex
1383 1511 1722 1597 ignorantia
1765 1507 1872 1574 ille
1898 1510 2073 1574 toties

326 1542 585 1682 fefgllit,
609 1616 669 1661 et
691 1602 1007 1666 hominem
1030 1600 1349 1664 incurium
1373 1616 1482 1663 aut
1503 1598 1719 1662 leviter
1744 1592 2074 1659 credulum

330 1707 396 1750 se
433 1684 730 1768 ostendit3
776 1685 873 1748 vel
910 1687 1104 1749 sciens
1133 1707 1205 1747 ae
1241 1683 1378 1748 data
1409 1707 1447 1747 o
1496 1706 1598 1745 era
1637 1679 1930 1745 mentitus
1954 1695 2072 1762 θεῖς

329 1782 468 1834 tum
507 1791 655 1833 vero
690 1766 947 1849 nullam⁴
965 1788 1129 1834 certe
1154 1777 1426 1831 meretur
1450 1708 1637 1830 gdem
1654 1811 1675 1848 ,
1715 1788 1787 1829 ac
1814 1786 1894 1825 ne
1921 1780 2075 1827 tunc

328 1852 586 1940 quidem
632 1876 826 1941 saepe,
866 1879 1013 1920 cum
1048 1876 1183 1917 rem
1222 1850 1618 1937 jurejurando
1657 1847 1950 1915 affirmat.

884 2053 1147 2104 REGULA
1190 2054 1505 2102 SECUNDA.

437 2213 720 2279 Partium
770 2215 1045 2281 studium
1099 2218 1265 2280 testis
1320 2219 1751 2282 auctoritatem
1805 2212 2079 2278 multum

335 2314 618 2378 enervat3
662 2321 806 2361 nam
926 2296 1148 2362 oclives
1183 2300 1451 2370 maxime
1494 2318 1640 2362 sunt
1676 2298 1957 2368 homines
2000 2296 2078 2362 ad

334 2379 488 2444 alios
533 2380 817 2466 decipien
864 2404 973 2462 os,
1012 2379 1266 2465 quando
1304 2403 1410 2442 sua
1457 2381 1734 2464 ipsorum
1776 2400 1882 2446 aut
1923 2406 2080 2446 suo-

337 2487 483 2529 rum
546 2488 642 2528 res
687 2463 937 2546 agitur,
996 2480 1182 2547 atque
1231 2485 1303 2527 ex
1366 2465 1630 2527 veritatis
1672 2465 2080 2530 occultatione
2175 2545 2176 2548 Ἴ

338 2549 667 2637 quidpiam
710 2549 773 2610 in
816 2548 976 2633 ipsos
1009 2546 1348 2630 redundat,
1389 2547 1480 2612 vel
1522 2549 1767 2635 quando
1801 2545 2082 2622 testimo-

340 2635 521 2698 nium
562 2634 782 2697 dicunt
820 2634 885 2695 in
929 2630 1256 2696 utilitatem
1297 2656 1515 2697 eorum
1559 2658 1589 2694 a
1642 2634 1871 2720 quibus
1910 2648 2083 2697 testes

339 2740 467 2781 esse
526 2718 842 2798 jubentur.
897 2717 994 2781 Ab
1048 2713 1331 2803 opposito
1378 2717 1707 2781 maximam
1767 2733 2084 2779 merentur

337 2800 522 2866 fidem
555 2803 594 2864 ii
624 2802 776 2889 qui,
813 2819 1053 2865 contem
1104 2818 1166 2864 to
1195 2800 1453 2886 proprio
1489 2800 1818 2864 commodo
1861 2821 1929 2863 ac
1954 2801 2081 2864 uti-

335 2882 526 2967 litate,
549 2888 732 2949 etiam
752 2889 816 2948 in
842 2907 1024 2948 suum
1090 2886 1484 2948 etrimentum
1507 2884 1740 2970 aliquid
1764 2899 2081 2949 testantur.

340 2968 649 3055 Exemplo
692 2970 814 3033 sint
850 2966 1128 3052 Apostoli
1162 2970 1273 3054 qui
1313 2968 1391 3031 de
1427 2968 1656 3034 Christi
1693 2967 1943 3033 Domini
1974 2991 2082 3033 re-

342 3052 761 3135 surrectione,
803 3052 985 3117 etiam
1036 3051 1179 3113 curn
1223 3054 1358 3117 vitae
1399 3053 1717 3140 periculo,
1761 3053 2080 3118 liberrime

339 3137 763 3204 testimonium
784 3136 1082 3200 tulerunt.
1106 3133 1465 3202 Generatim
1493 3139 1760 3225 partium
1783 3137 2084 3232 studium,

341 3220 613 3288 adulatio
656 3244 798 3305 erga
836 3221 1183 3307 principeS,
1217 3221 1655 3288 immoderatus
1691 3223 1906 3309 patriae
1934 3244 2082 3305 gen-

340 3307 414 3369 tis
462 3329 542 3371 ue
582 3330 760 3371 amor
797 3329 867 3370 ac
907 3306 1267 3393 importuna
1316 3308 1706 3408 reliquorum
1747 3306 2080 3372 affectuum

343 3405 448 3456 tur
492 3414 523 3453 a
551 3391 619 3454 in
656 3414 835 3456 causa
874 3407 1021 3455 sunt
1042 3412 1173 3453 ¹cur
1200 3389 1480 3457 historici
1504 3393 1816 3456 veritatem
1844 3393 2080 3456 sincere

343 3495 470 3542 non
491 3475 790 3564 pandant,
819 3475 1196 3565 effciuntque
1216 3490 1289 3542 ut
1303 3501 1563 3543 suorum
1579 3476 1721 3544 vitia
1742 3476 2078 3553 occultent,
