2707 4611
598 280 694 379 74
1255 277 1636 359 Tractatus

595 410 787 487 aliqua
824 404 917 472 vel
952 409 1222 470 miraculo
1253 411 1394 469 oriri
1418 429 1490 469 ex
1520 409 1735 470 ratione
1753 408 1944 487 aliqua
1979 402 2176 488 gravi,
2212 412 2344 474 licet

595 486 717 545 haec
744 486 968 562 praecise
1006 487 1069 545 in
1106 499 1306 546 natura
1340 492 1529 545 nostra
1564 505 1677 544 non
1704 497 1842 545 esset
1875 488 2141 560 fundat-213
2168 487 2189 545 i
2227 488 2344 549 itur

597 563 908 621 communis
935 562 1225 621 hominum
1258 580 1553 621 consensus
1585 561 1646 619 in
1680 561 1954 636 judicium
1987 562 2179 640 aliquo
2244 567 2347 624 de—

596 638 956 698 terminatum
977 681 996 712 ‚
1018 640 1263 697 absolute
1285 638 1588 714 loquendo,
1617 637 2009 695 certitudinem
2039 659 2154 697 non
2176 653 2348 698 meta-

593 713 884 791 physicam
899 759 918 790 ‚
935 716 1030 774 sed
1043 727 1260 789 tantum
1273 715 1535 774 moralem
1549 713 1846 774 maximam
1867 733 2062 790 parere
2094 716 2340 775 videtur.

681 861 828 906 200.
864 839 1045 907 Dices
1080 862 1228 903 cum
1263 837 1618 913 nonnullis,
1644 837 2077 923 pervulgatum
2112 858 2200 906 est
2222 841 2346 907 hoc

508 932 513 937 “
596 924 842 991 axioma
872 946 889 991 z
957 924 1222 988 Veritas
1262 946 1397 986 non
1445 934 1539 987 eat
1582 922 1653 985 in
1689 924 2099 988 multitudine
2150 949 2345 1012 quoe-

599 1010 847 1093 renda3
883 1031 1103 1076 verum
1144 1005 1306 1071 illud
1340 1007 1419 1069 de
1451 1029 1520 1070 ea
1555 1023 1799 1089 tantum
1833 1008 2088 1074 veritate
2125 1027 2214 1075 est
2236 1013 2345 1074 >in-

598 1092 1006 1176 telligendum
1032 1137 1054 1172 ,
1094 1091 1172 1155 ad
1221 1094 1397 1175 cujus
1442 1091 1974 1172 investigationem
2016 1093 2344 1178 singularis

597 1177 850 1242 attentio
866 1223 890 1252 ,
927 1178 1123 1260 major
1156 1175 1395 1259 ingenii
1428 1176 1559 1251 vis,
1599 1174 1916 1241 difficilius
1946 1179 2344 1245 ratiocinium

597 1278 710 1326 aut
749 1261 1054 1348 exquisita
1088 1262 1504 1347 experimenta
1538 1261 1953 1346 requiruntur
1969 1309 1990 1347 ,
2025 1289 2166 1352 quae
2202 1288 2344 1329 om-

596 1347 706 1410 nia
744 1346 973 1410 frustra
1026 1345 1096 1408 in
1136 1343 1539 1414 multitudine
1588 1343 2046 1412 desiderantur.
2102 1350 2343 1414 Deinde

593 1429 746 1496 licet
782 1428 946 1503 illud
969 1430 1214 1495 axioma
1252 1452 1472 1496 verum
1495 1428 1656 1493 foret
1672 1443 1711 1505 ‚'
1731 1431 1782 1494 si
1821 1450 2038 1515 agatur
2071 1433 2148 1497 de
2177 1433 2340 1499 mul-

595 1513 861 1580 titudine
919 1514 1315 1581 indoctorum
1388 1513 1872 1595 reclamantibus
1936 1516 2337 1604 doctoribu53

594 1597 822 1665 falsum
852 1615 1057 1664 tamen
1084 1598 1204 1663 erit
1223 1647 1243 1683 ,
1268 1599 1320 1662 si
1348 1617 1411 1663 et
1445 1596 1514 1663 hi
1550 1600 1971 1686 consentiant3
2000 1620 2148 1668 tunc
2175 1605 2342 1667 enim

595 1683 755 1750 valet
793 1682 997 1750 illud:
1048 1685 1203 1749 Vox
1229 1684 1472 1772 populi
1492 1731 1516 1760 ,
1553 1706 1677 1749 vox
1718 1684 1878 1749 Dei.

571 1788 579 1816 ⁸
668 1841 798 1880 201.
830 1821 1132 1880 Senomon.
1154 1822 1440 1882 Immerito
1456 1834 1820 1909 opponuntur
1835 1824 2043 1898 judicia
2067 1826 2334 1900 quaedam,

595 1919 652 1959 v.
681 1917 733 1975 g.
761 1898 829 1955 de
864 1908 1017 1958 motu
1066 1916 1252 1956 annuo
1291 1898 1423 1957 solis
1462 1899 1823 1957 circumcirca
1855 1911 2091 1970 terram;
2114 1900 2183 1957 de
2219 1918 2332 1955 non

585 1971 897 2032 existentian
912 1972 1261 2048 antipodum,
1302 1985 1418 2045 etc.
1444 1972 1724 2051 quaelicet
1759 1984 1915 2031 antea
1940 1972 2178 2037 maxime
2201 1974 2333 2031 fue-

595 2049 718 2108 rint
758 2048 1072 2108 communia
1089 2090 1108 2121 ‚
1137 2067 1292 2105 nunc
1334 2061 1520 2109 tamen
1546 2062 1608 2107 ut
1627 2051 1762 2109 falsa
1785 2046 2141 2124 rejiciuntur.
2163 2047 2335 2105 Nun-

592 2145 762 2201 quam
778 2123 930 2182 enim
950 2123 1046 2180 illa
1065 2126 1133 2182 ad
1160 2143 1385 2183 sensum
1398 2137 1609 2184 naturae
1622 2144 1963 2185 communem
1991 2125 2332 2200 pertinuere:

594 2200 874 2277 imprimis
915 2198 1068 2258 enim
1112 2211 1378 2259 neutrum
1418 2203 1600 2261 oritur
1636 2223 1708 2260 ex
1738 2201 2038 2260 dictamine
2078 2212 2291 2259 naturae
2322 2245 2339 2273 ‚

589 2278 689 2338 sed
718 2275 962 2353 primum
998 2294 1071 2334 ex
1115 2295 1378 2336 sensuum
1424 2278 1749 2356 apparentia
1782 2297 1905 2367 quae
1956 2278 2072 2337 nisi
2116 2278 2346 2355 speciali

568 2425 571 2428 Ι
590 2354 893 2413 attentione
918 2351 1078 2428 vulgi
1100 2364 1323 2430 captum
1337 2367 1653 2433 superante,
1672 2366 2003 2433 corrigatur,
2024 2357 2347 2431 frequenter
2438 2387 2445 2394 ·

591 2428 814 2487 inducit
842 2429 905 2487 in
951 2447 1224 2504 errorem;
1266 2434 1506 2492 alterum
1551 2451 1685 2491 vero
1728 2452 1802 2491 ex
1836 2431 2163 2508 praejudicio
2203 2444 2345 2506 quo-

590 2506 719 2562 dam
752 2507 862 2580 quo
897 2506 1114 2581 abrepti
1150 2505 1468 2581 ,intelligere
1498 2526 1612 2563 non
1639 2518 1946 2580 potuerunt
1960 2507 2231 2582 quomodo
2246 2503 2343 2563 ho-

593 2581 771 2639 mines
816 2580 918 2668 qui
944 2584 1015 2640 ob
1051 2582 1380 2658 gravitatem
1418 2591 1731 2639 constanter
1765 2581 2023 2639 deorsum
2066 2582 2340 2652 tendunt,

596 2658 662 2716 in
694 2657 954 2717 inferiori
991 2658 1212 2717 telluris
1264 2667 1419 2734 parte
1458 2655 1666 2713 haerere
1703 2654 1937 2730 possint.
1958 2657 2117 2714 Adde
2134 2698 2154 2727 ‚
2193 2655 2343 2731 quod

593 2735 665 2792 de
699 2745 932 2810 utroque
958 2734 1230 2794 doctiores
1253 2753 1325 2793 ex
1351 2728 1686 2807 antiquitate
1717 2729 2034 2789 dubitarint
2052 2772 2071 2803 ‚
2088 2730 2348 2789 moderni

594 2810 712 2869 fere
757 2830 947 2884 omnes
976 2811 1223 2886 primum
1255 2810 1617 2887 impugnent,
1662 2807 1903 2866 alterum
1924 2825 2059 2870 vero
2076 2818 2345 2886 tanquam

595 2885 948 2946 falsissimum
993 2898 1279 2964 respuant.
1680 2925 1684 2930 -

1051 3075 1361 3149 CAPUT
1417 3069 1904 3167 QUARTum.

799 3268 909 3332 De
957 3264 1317 3333 testimonio
1361 3284 1669 3355 sensuum
1711 3275 2141 3329 externorum.

688 3464 829 3512 202.
848 3443 1022 3510 Dum
1055 3445 1372 3510 occasione
1390 3443 1749 3510 mutationis
1774 3440 1844 3504 in
1865 3439 2110 3524 organis
2123 3434 2347 3502 nostris

602 3530 887 3598 sensoriis
924 3530 1004 3595 ab
1058 3529 1310 3615 objectis
1361 3530 1631 3596 externis
1673 3522 1950 3592 inductae
1986 3523 2086 3626 de·
2123 3543 2346 3589 eorum
