2707 4611
928 244 1019 315 de
1057 243 1346 341 Logiea.
1955 239 2045 337 75
2105 191 2109 195 <

350 384 627 453 raesentia
661 379 760 449 vel
808 378 990 445 certis
1013 403 1243 464 eorum
1283 375 1683 465 qualitatibus
1742 372 2047 458 judicium

303 414 568 538 ferimus
588 517 611 547 ,
666 487 875 535 sensus
928 465 1162 529 externi
1200 463 1287 527 de
1336 484 1679 548 corporum
1725 458 2048 545 praesentia

305 558 408 622 vel
451 556 632 620 certis
672 575 892 617 eorum
936 548 1332 635 qualitatibus
1374 545 1631 621 testari,
1660 562 1720 608 et
1768 543 1819 607 si
1847 543 1913 606 in
1936 540 2051 605 illo

286 641 542 724 ‘iudicio
574 639 964 707 aberremus,
998 655 1110 697 nos
1138 630 1381 778 1fallere
1421 631 1737 694 dicuntur.
1760 628 1862 692 Sic
1894 626 2057 690 dum

309 725 629 796 occasione
664 721 820 786 lucis
843 742 984 807 quae
1021 739 1142 781 ocu
1169 738 1236 779 os
1256 713 1447 778 afficit
1466 761 1487 787 ,
1511 713 1857 796 judicamus
1875 710 2053 775 illam

311 833 445 875 esse
474 822 829 895 praesentem
852 851 874 880 ‚
919 801 1087 865 oculi
1131 799 1428 865 dicuntur
1446 798 1522 860 de
1555 796 1713 861 lucis
1734 793 2057 883 praesentia

311 896 557 979 testari3
596 893 748 957 dum
776 911 923 955 vero
961 885 1309 967 judicamus
1335 904 1580 943 remum
1602 881 1915 961 integrum
1936 901 2054 965 pro

312 996 482 1081 parte
522 1000 697 1064 aquae
719 977 1121 1043 immersum,
1158 969 1227 1031 in
1248 980 1484 1051 puncto
1507 965 1914 1029 immersionis
1930 986 2070 1028 esse
2133 994 2139 1000 ·

308 1063 612 1128 inflexum
636 1109 658 1138 ‚
704 1058 875 1124 oculi
915 1078 1030 1118 nos
1069 1051 1285 1116 fallere
1334 1048 1648 1131 dicuntur.

391 1178 536 1243 20⁵3.
558 1177 787 1242 Sensus
827 1169 1220 1257 potissimum
1261 1162 1335 1227 ad
1380 1164 1656 1250 corporis
1682 1162 1874 1227 nostri
1900 1185 2057 1228 con-

305 1262 717 1327 servationem
739 1275 1021 1354 ususque
1059 1251 1196 1316 vitae
1233 1250 1600 1313 necessarios
1638 1271 1673 1309 a
1704 1246 1837 1311 Deo
1875 1247 2062 1313 nobis

311 1345 587 1409 concessi
624 1358 788 1406 sunt.
808 1339 977 1403 Hulc
1007 1357 1196 1422 porro
1216 1333 1326 1397 fini
1370 1332 1621 1407 diversis
1656 1331 1856 1392 modis
1885 1332 2064 1395 satis-

310 1429 595 1492 faciunt:
645 1427 776 1490 imo
825 1445 955 1510 quo
1006 1443 1104 1482 res
1138 1419 1328 1502 magis
1365 1417 1639 1479 salubres
1692 1429 1799 1486 aut
1861 1415 2066 1478 noxiae

315 1528 467 1577 sunt
490 1558 512 1586 ,
554 1533 628 1574 eo
649 1508 938 1596 pluribus
956 1505 1329 1589 plerumque
1357 1500 1635 1564 sensibus
1657 1495 2074 1580 objiciuntur,

319 1598 711 1679 diversasque
741 1593 811 1654 in
840 1590 1019 1652 nobis
1063 1587 1472 1658 sensationeS,
1528 1584 1758 1670 quibus
1794 1603 1892 1643 eas
1934 1580 2065 1644 dis-

323 1701 692 1753 cernamus,
765 1675 1049 1740 excitant.
1102 1670 1204 1737 Sic
1236 1693 1379 1734 caro
1440 1667 1689 1731 rancida
1744 1687 1779 1728 a
1831 1663 2071 1732 salubri

320 1763 724 1845 distinguitur
751 1759 973 1834 odore,
1001 1762 1219 1842 sapore
1258 1773 1318 1819 et
1349 1753 1534 1818 etiam
1571 1750 1790 1838 saepius
1829 1748 2082 1827 colore-⁷
2160 1758 2168 1765 '

315 1847 679 1914 Remotiora
698 1845 934 1927 objecta
954 1890 975 1917 ,
1000 1864 1147 1906 cum
1182 1839 1519 1905 universim
1550 1836 1758 1900 minus
1780 1835 2069 1920 prodesse

313 1931 412 1999 vel
424 1933 632 1996 obesse
648 1928 928 2014 corporis
951 1925 1144 1990 nostri
1161 1921 1604 1990 conservationi
1621 1921 1855 2007 possint
1873 1942 2067 2008 quam.
2113 1946 2116 1949 ·

314 2015 767 2117 propinquiora
785 2060 807 2087 ,
847 2011 1114 2079 debilius
1153 2032 1411 2098 quoque
1446 2029 1640 2098 quam
1673 2028 1744 2070 ea
1773 2026 1886 2069 nos
1919 2002 2069 2068 affi-

317 2116 516 2165 ciunt.
1140 2124 1147 2130 ·

408 2200 550 2267 204.
577 2199 941 2270 Generatim
970 2199 1058 2262 de
1109 2197 1238 2262 illis
1280 2197 1514 2283 quibus
1546 2193 1809 2260 mutatio
1845 2192 1915 2256 in
1954 2215 2071 2258 or—

324 2309 485 2371 gano
528 2308 660 2348 non
717 2282 1089 2369 respondet,
1139 2302 1350 2343 sensus
1409 2279 1572 2342 nihil
1627 2293 1945 2342 testantur.
1967 2276 2073 2343 Sic

322 2391 535 2437 sensus
573 2367 754 2433 nobis
793 2388 927 2428 non
953 2362 1327 2441 annuntiant
1350 2377 1643 2440 naturam
1691 2362 2074 2443 objectorum

320 2457 634 2522 internam
662 2499 686 2528 ,
729 2470 939 2535 neque
968 2445 1151 2510 etiam
1186 2442 1479 2507 exhibent
1528 2458 1727 2528 partes
1784 2445 2073 2512 minimas

324 2560 674 2626 earumque
714 2530 1177 2621 dispositionem
1209 2528 1396 2592 etiam
1432 2528 1503 2590 in
1538 2528 1764 2592 extima
1795 2524 2078 2614 corporis

325 2623 653 2713 superficie
671 2620 923 2685 latentes
942 2638 962 2699 3
991 2614 1279 2701 quinimo
1309 2612 1549 2695 integra
1568 2633 1821 2699 quoque
1838 2614 2077 2697 objecta

327 2712 412 2777 ob
447 2706 633 2785 molis
685 2728 809 2771 suae
870 2699 1207 2768 exilitatem
1232 2696 1341 2767 ·vel
1400 2698 1483 2763 ob
1522 2696 1779 2761 nimiam
1822 2700 1857 2759 'a
1895 2697 2076 2762 nobis

329 2793 677 2858 distantiam
708 2785 1128 2856 acutissimum
1151 2783 1338 2849 etiam
1371 2804 1667 2850 sensuum
1691 2780 1886 2844 aciem
1915 2779 2082 2847 effu-;

332 2893 533 2960 gmnt.

964 3014 1458 3065 coaoLLAmnM.
1487 3083 1490 3086 Ι

420 3190 562 3257 205.
593 3186 686 3252 Ex
723 3186 820 3251 his
870 3182 1194 3251 manifesta
1240 3176 1435 3252 evadit
1473 3179 1688 3264 regula
1716 3175 2108 3246 Malam-3112..X

337 3276 498 3344 chii:
532 3299 564 3339 »
614 3271 708 3338 De
737 3270 924 3337 rebus
963 3268 1178 3357 quales
1211 3265 1280 3331 in
1319 3288 1383 3330 se
1414 3282 1596 3351 sunt,
1630 3288 1749 3351 ope
1777 3288 2073 3346 sensuum

336 3384 372 3434 ¹»
425 3381 566 3427 cave
606 3379 686 3421 ne
735 3378 1021 3443 unquam
1052 3353 1328 3438 judices:
1379 3350 1452 3415 iis
1490 3367 1737 3415 tantum
1775 3352 1967 3416 utaris
2002 3365 2076 3415 ut

343 3467 375 3507 >v
427 3465 750 3527 cognoscas
807 3439 1058 3529 qualem
1104 3460 1200 3500 res
1253 3435 1335 3498 ad
1368 3458 1431 3498 se
1470 3451 1692 3499 mutuo
1728 3452 1785 3500 et
1819 3436 1894 3499 ad
1961 3454 2078 3514 nos,

343 3550 377 3593 »
427 3525 786 3594 relationem
823 3540 1297 3612 respectumque
1344 3521 1624 3585 habeant.
1668 3545 1699 3582 »
1855 3537 1856 3540 ’
2074 3529 2083 3535 “
