2707 4611
947 303 1030 366 de
1070 301 1347 391 Logicm
1960 306 2044 378 85

281 421 606 511 ‚possibiiis
626 443 771 486 vero
783 443 902 521 pro
918 421 1325 491 determinato
1344 424 1565 514 aliquo
1586 434 1853 490 numero
1878 447 2046 493 unus

298 506 577 573 ocum-rit
610 526 626 572 ε
663 521 753 570 est
781 506 969 588 igitur
1014 509 1415 594 probabilitas
1471 512 1588 597 pro
1631 509 2047 581 determinato

350 590 575 656 nodam
630 613 888 654 numero
934 591 1010 654 ad
1050 594 1482 657 certitudinem
1527 611 1598 658 ut
1658 617 1686 659 1
1750 594 1825 658 ad
1868 596 1928 660 6.
1968 594 2050 660 In

348 675 545 740 nebus
577 673 721 737 aleis
750 674 1026 762 undique
1055 678 1271 741 notatis
1303 701 1476 741 casus
1496 677 1810 771 possibiles
1831 700 2049 744 omnes

298 776 448 824 sunt
473 760 551 824 36
573 783 594 842 3
623 781 734 845 pro
756 759 1159 825 determinato
1183 785 1327 825 vero
1352 784 1617 845 numero
1655 786 1716 825 v.
1740 786 1943 849 g.-pro
1965 763 2048 847 4,

302 862 642 909 occurrunt
684 842 721 907 5
753 867 923 909 casus
956 865 971 912 ε
999 867 1146 930 ergo
1171 863 1257 910 est
1288 846 1690 931 probabilitas
1717 870 1844 925 uno
1872 850 2041 928 jactu

301 927 621 994 obtinendi
653 949 990 995 numerum
1021 929 1062 1010 4
1092 927 1170 991 ad
1201 928 1643 994 certitudinem
1676 947 1749 995 ut
1770 927 1806 992 5
1834 930 1913 994 ad
1942 930 2045 997 56.
2131 946 2143 958 ·

932 1128 1414 1177 COROLLARIUM

404 1251 548 1316 242.
614 1249 933 1316 Numerus
999 1273 1253 1315 casuum
1320 1251 1551 1338 quibus
1614 1249 1840 1314 indicia
1897 1275 2047 1316 cum

294 1335 551 1399 veritate
587 1334 1022 1423 propositionis
1054 1339 1379 1419 conjuncta
1410 1358 1536 1398 non
1575 1349 1756 1415 sunt,
1796 1352 1884 1398 est
1916 1361 2052 1399 nu·-

302 1436 516 1482 merus
554 1441 806 1483 casuum
842 1420 1072 1508 quibus
1107 1419 1334 1483 indicia
1371 1421 1693 1495 coniuncta
1719 1434 1868 1479 sunt
1898 1424 2046 1480 cum

302 1501 553 1565 veritate
592 1503 1078 1567 contradictoriae
1116 1504 1410 1586 ejusdem.
1450 1502 1560 1566 Est
1589 1501 1784 1583 igitur
1820 1501 2050 1584 proba-

284 1583 509 1647 -hilitas
562 1587 995 1671 propositionis
1030 1586 1107 1650 ad
1143 1585 1645 1675 probabilitatem
1691 1582 2050 1647 contradic-

306 1668 478 1731 torioe
501 1669 771 1747 eiusdem
797 1717 816 1751 ‚
845 1687 916 1734 ut
940 1693 1238 1734 numerus
1261 1692 1515 1734 casuum
1557 1668 1787 1757 quibus
1820 1667 2049 1729 indicia

309 1772 458 1814 cum
494 1754 740 1817 veritate
769 1758 1085 1836 conjuncta
1111 1758 1256 1818 sunt
1275 1801 1294 1837 ‚
1323 1753 1397 1816 ad
1430 1775 1764 1817 numerum
1790 1773 2050 1814 casuum

306 1835 539 1919 quibus
580 1838 792 1903 eadem
827 1838 1052 1903 indicia
1094 1862 1239 1903 cum
1265 1839 1515 1902 veritate
1552 1839 1882 1920 conjuncta
1919 1856 2048 1897 non

300 1934 466 1982 sunt.

387 2023 531 2090 245.
576 2024 889 2098 Numerus
925 2038 1182 2092 cas‘uum
1226 2027 1457 2113 quibus
1489 2025 1721 2089 indicia
1756 2046 1901 2103 cum
1937 2044 2052 2086 ve-

303 2107 485 2196 ritate
539 2114 861 2189 conjuncta
917 2129 1063 2176 sunt.
1104 2136 1139 2173 a
1229 2112 1509 2174 osteriori
1556 2109 2050 2189 determinatur,

305 2191 464 2252 dum
490 2212 598 2270 per
622 2194 1066 2275 experientiam
1086 2135 1395 2258 -deiinitur
1419 2194 1659 2278 quoties
1684 2215 1761 2255 ex
1786 2212 2052 2256 numero

307 2293 564 2336 casuum
604 2274 1214 2371 quamplurimorum
1245 2281 1507 2352 (omnes
1535 2277 1701 2338 enirn
1739 2296 1911 2338 casus
1984 2297 2052 2338 er

308 2378 384 2420 ex
435 2354 754 2418 erientiam
809 2357 1170 2436 investigare
1212 2357 1589 2439 impossibile
1640 2358 1774 2439 est)
1822 2298 2051 2443 quifius

308 2379 519 2504 ead'em
541 2486 559 2515 ‚
592 2455 740 2524 ‘quae
778 2461 985 2513 nunc,
1028 2436 1248 2500 adsunt
1282 2436 1507 2500 indicia
1565 2461 1671 2501 seu
1720 2439 2003 2523 adjuncta
2026 2487 2048 2523 ‚

306 2524 753 2589 determinatus
788 2521 1039 2586 effectus
1068 2538 1317 2586 secutus
1346 2521 1555 2585 fuerit.
1587 2521 1687 2586 Sic
1723 2525 1772 2586 si
1812 2548 1892 2588 ex
1933 2547 2050 2590 loo

307 2608 842 2673 observationibus
883 2606 1037 2670 mihi
1086 2623 1318 2671 constet
1352 2606 1708 2692 vespertinae
1749 2608 1891 2671 coeli
1937 2631 2055 2669 ru-

307 2692 520 2756 bedini
566 2692 855 2774 nonagies
898 2691 1287 2754 serenitatem
1344 2692 1464 2752 diei
1531 2713 1591 2751 se
1643 2692 1844 2754 uentis
1904 2712 2054 2753 suc-

311 2777 590 2858 cessisse,
626 2778 741 2841 erit
770 2775 1173 2863 probabilitas
1205 2774 1547 2854 serenitatis
1628 2773 1707 2836 iei
1745 2773 2056 2860 sequentis
2133 2787 2140 2792 “

308 2857 389 2922 ad
416 2859 847 2924 certitudinem
874 2876 947 2922 ut
971 2880 1053 2942 90
1083 2859 1161 2921 ad
1202 2879 1318 2924 loo
1340 2905 1360 2941 ‚
1402 2857 1680 2944 adeoque
1715 2856 1791 2919 ad
1824 2855 2054 2943 proba·-

306 2940 616 3007 bilitatem
658 2942 1139 3026 contradictoriae
1174 2946 1304 3025 ejus
1338 2958 1416 3008 ut
1450 2962 1530 3029 90
1570 2941 1649 3004 ad
1693 2962 1791 3006 ιο.

395 3081 633 3148 sivero
668 3105 740 3144 ex
772 3098 1037 3171 quatuor
1071 3096 1304 3143 tantum
1333 3081 1859 3147 observationibus
1893 3103 2051 3145 con-

264 3168 274 3178 ’
310 3182 503 3234 staret
538 3183 633 3230 ter
671 3167 959 3229 eumdem
996 3165 1593 3231 effectum.secutum
1632 3166 1851 3247 fuisse3
1891 3166 2051 3229 male

314 3250 577 3314 inferres
624 3249 1118 3335 probabilitatem
1166 3252 1514 3321 serenitatia'
1562 3250 1687 3318 diei
1744 3251 2053 3343 sequentis

319 3356 443 3398 esse
482 3334 560 3400 ad
597 3334 1026 3399 certitudinem
1065 3351 1136 3399 ut
1167 3333 1204 3397 5
1248 3333 1325 3396 ad
1360 3335 1421 3401 4.
1676 3366 1683 3373 ·
1941 3363 1948 3373 ·

403 3471 544 3537 244.
586 3473 786 3557 Igitur
825 3472 1225 3560 probabilitas
1264 3471 1468 3541 futuri
1504 3492 1753 3539 eventus
1785 3496 1912 3537 non
1943 3472 2055 3536 in-

317 3554 610 3640 fringitur
643 3583 757 3647 per
794 3560 1218 3646 exceptionem
1254 3558 1514 3641 alicujus
1551 3577 1730 3626 casus
1743 3554 2046 3644 speciali55
