2707 4611
971 274 1062 345 de
1112 274 1407 373 Logica.
1455 220 1464 225 ·
2022 273 2111 373 73

461 422 600 508 198.
650 421 875 488 Sensus
907 437 1147 487 maturae
1181 420 1535 489 communis
1575 435 1664 486 est
1688 418 1999 487 sufficiens
2023 443 2117 486 ve·

375 506 580 572 ritatis
624 506 950 573 indicium.
988 506 1057 572 Si
1100 507 1267 571 enim
1304 507 1536 593 judicia
1585 529 1660 572 ex
1694 504 1806 571 illo
1839 503 2118 592 profecta

373 607 627 678 possent
649 612 772 656 esse
800 592 950 657 falsa
967 637 989 667 ,
1022 592 1152 679 ipsa
1179 609 1401 657 natura
1444 589 1756 657 rationalis
1783 613 1896 655 nos
1917 607 2123 679 posset

372 681 444 740 in
494 699 770 742 errorem
810 677 1152 744 inducere:
1191 677 1366 765 atqui
1415 676 1535 742 hoc
1575 693 1883 765 repugnat
1902 699 1925 761 3
1961 675 2125 740 foret

375 761 546 830 enim
592 763 660 825 in
712 768 798 826 eo'
826 784 968 825 casu
1015 779 1236 826 natura
1284 777 1487 829 nostra
1531 760 1846 825 rationalis
1897 776 1956 824 et
1991 782 2124 824 non

375 847 733 932 rationalis3
775 845 1087 919 rationalis
1124 845 1380 934 quidem
1402 890 1423 925 ‚
1450 869 1597 911 cum
1626 847 1704 909 sit
1736 862 1959 912 natur-a
1987 845 2125 910 hu·-

374 957 596 1015 mana‚
641 957 832 1018 quam
872 932 921 1001 si
949 934 1207 1001 ,ratione
1252 930 1516 1016 spolies»,
1563 930 1888 997 hominem
1935 930 2124 997 bruto

374 1019 760 1104 aequiparns3
800 1040 929 1081 non
961 1014 1275 1081 rationalis
1308 1037 1492 1089 vero,
1535 1039 1686 1101 ,cum
1723 1016 1904 1080 >enim
1945 1037 2123 1079 error

373 1103 603 1167 rationi
633 1149 673 1178 „
713 1121 774 1167 et
833 1101 988 1166 ratio
1033 1100 1234 1166 errori
1279 1098 1630 1164 adversetur
1653 1145 1676 1175 ,
1742 1122 1987 1165 necesse
2035 1117 2127 1164 est

362 1205 444 1259 *ut
480 1211 547 1251 ea
575 1233 596 1270 ,
643 1210 785 1288 quae
817 1210 929 1274 per
968 1208 1033 1249 se
1071 1206 1184 1253 nos
1230 1184 1299 1248 in
1333 1207 1611 1249 errorem
1649 1186 1741 1249 {im
1791 1184 1964 1261 ellit,
2002 1208 2127 1248 na·-

373 1288 517 1343 tura
573 1290 813 1335 ratione
870 1286 1095 1335 careat.
1142 1267 1343 1337 ,Dein
1397 1268 1698 1335 naturalis
1842 1295 1876 1335 c
1931 1269 2127 1335 animi

375 1359 715 1441 propensio
761 1356 1105 1444 proxenire:
1132 1354 1355 1442 nequit
1397 1355 1528 1419 nisi„
1561 1352 1641 1418 ab
1694 1352 1829 1438 ipso
1876 1368 2129 1419 auctore

378 1454 621 1504 naturae
658 1441 828 1515 Deo,
868 1444 1045 1525 cujus
1073 1440 1340 1505 bonitati
1378 1437 1443 1504 et
1523 1436 1883 1503 rovidentiae
1922 1436 2133 1517 nulia-

379 1539 563 1591 tenus
604 1525 892 1606 congruit
917 1571 938 1598 ,
979 1518 1057 1595 ut
1097 1548 1194 1591 eas
1237 1524 1421 1592 nobis
1453 1463 1782 1589 &goultates
1820 1518 2133 1587 naturales

383 1607 680 1671 indiderit
701 1655 750 1681 ,‚
778 1609 1008 1695 quibus
1058 1611 1242 1674 etiam
1291 1610 1455 1673 bene
1492 1623 1734 1673 utentes
1769 1605 2016 1669 directe
2062 1604 2135 1669 in

388 1714 670 1756 errorem
703 1691 1172 1778 impelleremur
1201 1718 1224 1777 3
1270 1692 1406 1759 talis
1450 1691 1758 1780 siquidem
1800 1712 1977 1755 error
2015 1687 2135 1777 ipsi

381 1775 520 1841 Deo
577 1777 979 1864 imputandus
1017 1795 1204 1854 esset,
1243 1777 1435 1865 {quod
1474 1775 1573 1844 vel
1614 1776 1884 1859 cogitare
1911 1776 2136 1839 absur-

381 1860 707 1925 dissimum
750 1878 860 1926 est.
921 1862 1007 1927 Et
1047 1887 1192 1927 sane
1230 1863 1343 1949 qui
1386 1884 1636 1927 sensum
1678 1878 1915 1928 naturae
1957 1882 2137 1924 com-

375 1969 637 2014 munem
681 1945 956 2032 respuit,
1017 1947 1153 2011 non‘
1204 1964 1445 2013 tantum
1497 1945 1792 2013 omnibus
1834 1945 1968 2009 sere
2008 1961 2136 2010 tam

377 2031 652 2118 antiquis
698 2055 893 2117 quam
934 2031 1255 2098 modernis
1292 2031 1700 2106 contradicit,
1743 2028 1852 2095 sed
1896 2047 1956 2094 et
1989 2047 2139 2094 tur-

379 2137 522 2258 Eem
585 2115 1062 2199 Scepticismum
1115 2115 1451 2202 amplecti,
1517 2135 1709 2207 atque
1771 2115 1852 2182 ab
1895 2115 2137 2183 insania

428 2197 551 2260 aud
593 2198 821 2282 procul
860 2201 1067 2264 abesse
1104 2200 1307 2269 debet.

467 2393 592 2454 199·
635 2372 944 2433 Senouou.
968 2374 1593 2448 Duaeprimaerationes
1608 2374 1851 2452 allegatae
1871 2384 2142 2444 evincunt

384 2461 842 2519 sensumnaturae
862 2468 1209 2508 communem
1222 2469 1416 2525 parere
1436 2450 1826 2511 certitudinem
1859 2460 2143 2537 metaphy-

386 2529 588 2599 sicam3
625 2527 875 2603 adeoque
930 2527 978 2584 si
1031 2527 1305 2601 judicium
1343 2527 1571 2602 aliquod
1619 2526 1679 2587 in
1731 2549 1895 2591 sensu
1931 2548 2142 2593 naturae

386 2602 671 2664 communi
712 2602 786 2662 sit
823 2604 1123 2661 fundatum
1140 2648 1159 2679 ‚
1188 2605 1333 2662 illud
1362 2624 1477 2664 esse
1503 2606 1881 2682 ¹metaphysice
1905 2623 2138 2672 certum.

383 2681 558 2741 Aliud
588 2692 777 2738 tamen
805 2679 1108 2739 dicendum
1142 2682 1372 2756 videtur
1416 2683 1484 2740 de
1530 2683 1812 2756 communi
1853 2685 2144 2747 hom'inum

388 2777 658 2820 consensu
692 2756 755 2814 in
792 2755 1068 2830 judicium
1112 2758 1341 2835 aliquod
1369 2758 1799 2818 determinatum
1836 2782 1850 2816 :
1894 2773 1957 2817 ut
1988 2762 2142 2822 enim

389 2833 498 2890 tale
541 2831 917 2908 metaphysice
972 2847 1185 2892 certum
1233 2836 1351 2903 sit,
1392 2835 1599 2892 debent
1651 2835 1874 2903 omnia,
1919 2856 2039 2913 quae
2061 2841 2144 2898 ‘ad

392 2906 537 2967 illud
617 2908 865 2966 ertinent
883 2951 901 2979 ‚
947 2927 1062 2965 esse
1097 2910 1474 2985 metaphysice
1506 2922 1657 2970 certa
1688 2935 1700 2968 :
1733 2915 1840 2988 jam
1869 2930 2003 2972 vero
2029 2933 2143 2974 non
2173 2960 2182 2967 .

389 2993 571 3058 metap
615 2983 783 3057 ysice‚
806 2986 902 3043 sed
937 2994 1156 3041 tantum
1198 2986 1486 3046 moraliter
1514 2999 1697 3046 certus
1738 3007 1858 3045 sum
1890 3009 2142 3050 commu-

392 3077 521 3115 nem
571 3058 734 3115 illum
770 3058 1063 3118 hominum
1106 3080 1435 3121 consensum
1479 3063 1719 3123 existere
1753 3088 1769 3139 3
1818 3064 1951 3124 licet
1989 3070 2142 3128 enim

391 3133 547 3221 iuml.
572 3135 889 3224 prudenter·
918 3133 1144 3223 quidem
1169 3157 1242 3196 ex
1275 3157 1339 3195 ea
1380 3158 1546 3215 quam
1576 3140 1638 3197 in
1659 3161 1747 3199 me
1784 3143 1961 3201 sentio
1988 3165 2144 3203 cons-

392 3221 658 3270 titutione
691 3229 982 3286 conjiciam
1005 3255 1023 3285 ,
1069 3232 1151 3272 sic
1184 3225 1370 3292 tamen
1414 3215 1595 3291 reipsa
1640 3236 1753 3278 esse
1782 3237 1893 3275 non
1934 3220 2045 3279 nisi
2074 3242 2146 3280 ex

393 3285 635 3345 aliorum
666 3286 1022 3347 confessione
1043 3331 1062 3359 ,
1107 3290 1341 3350 vivendi
1386 3291 1600 3352 ratione
1620 3334 1644 3362 ,
1685 3294 2001 3353 narratione
2050 3309 2145 3354 aut

395 3360 559 3420 libris
605 3381 869 3439 cognosco
918 3386 932 3421 ε
988 3383 1093 3422 nec
1139 3366 1307 3424 etiam
1350 3368 1725 3445 metaphysica
1757 3382 1939 3429 certus
1987 3389 2142 3443 sum,
2210 3437 2214 3442 ,

398 3454 723 3504 consensum
750 3440 918 3500 illum
952 3440 1168 3500 nullam
1210 3440 1415 3501 hahere
1461 3443 1732 3581 orifinem
1773 3446 1939 3505 aliam
1978 3464 2145 3522 quam

402 3529 523 3598 311ae
547 3528 628 3575 est
648 3515 840 3600 ipsius
860 3527 1099 3594 naturae5
1116 3529 1304 3602 posset
1323 3516 1477 3581 enim
1498 3517 1546 3581 *il
1569 3541 1599 3581 e
1623 3521 1743 3588 sine
1773 3520 2154 3600 repugnantia.
