2707 4611
604 169 701 256 796-
1248 152 1251 155 ’
1314 155 1660 224 Tractatus

700 291 844 354 262:
886 279 1057 350 Cum
1097 285 1427 349 ratiocinii
1462 307 1584 371 ope
1629 285 1956 354 veritatem
1992 288 2338 379 detegimus
2358 343 2380 376 ,

616 390 753 438 eam
777 370 1061 458 probare
1095 370 1392 433 dicimur.
1436 370 1903 456 Propositioues
1941 399 2090 445 vero
2132 404 2207 446 ex
2246 386 2386 471 qui-

615 462 736 524 bus
819 454 1133 521 ratiocinii
1197 454 1562 519 antecedens
1638 474 1872 522 consta-t
1903 506 1929 535 ,
1985 456 2382 549 =probationis

598 541 949 632 *principia
978 538 1308 604 dicuntur.
1357 537 1558 602 Hae.si
1600 539 1680 602 ad
1709 562 1906 607 unam
1946 562 2168 615 omnes
2200 571 2381 620 certae

528 678 545 709 9
613 627 852 692 fuerint
871 646 945 689 ac
967 624 1317 699 evidentes,
1351 622 1808 689 demonstratio
1830 630 2206 723 conficitur-3
2235 638 2382 704 alias

611 710 879 804 simplex
912 708 1239 797 probatio.

1178 903 1693 952 ‘COROLLARIUM
1734 908 1783 953 1.

702 1057 846 1122 265.
904 1042 1463 1120 Demonstrationis
1509 1056 1825 1145 principia
1877 1080 2017 1126 sunt
2052 1063 2374 1135 definitio-

612 1148 767 1218 neb,
807 1141 1152 1220 axiomata,
1187 1137 1495 1226 postulata
1533 1164 1604 1204 ac
1635 1144 2034 1230 experientiae
2068 1167 2242 1218 certae
2265 1200 2285 1229 ,
2311 1170 2374 1219 ct

605 1224 1068 1315 propositiones
1107 1228 1232 1310 jam
1267 1222 1719 1292 demonstratae.

1210 1416 1727 1471 ‘coROLLARwM
1769 1428 1850 1474 11.

695 1570 845 1641 ²264.
882 1565 1342 1640 Demonstratio
1391 1573 1669 1658 legitima
1706 1576 1913 1642 reddit
1956 1601 2095 1647 rem
2131 1580 2389 1650 demon-

607 1660 928 1726 ·strandam
988 1659 1302 1726 evidenter
1340 1682 1604 1746 veram3
1648 1683 1798 1726 cum
1850 1663 2019 1730 enim
2062 1668 2385 1736 conclusio

615 1745 1011 1809 contineatur
1050 1744 1140 1815 in
1185 1744 1517 1830 praemissis
1539 1793 1562 1820 ,
1633 1745 1857 1833 nequit
1911 1747 2022 1812 illa
2076 1774 2208 1815 non
2252 1777 2379 1817 esse

608 1828 934 1894 *evidenter
968 1850 1149 1905 vera,
1182 1828 1241 1894 'si
1277 1827 1376 1894 hae
1406 1826 1555 1893 tales
1581 1829 1730 1894 sint.
1768 1831 1835 1894 Si
1869 1854 2017 1913 ergo
2048 1834 2202 1918 quid
2248 1836 2377 1899 iam

612 1915 793 2003 'quod
828 1938 863 1976 a
893 1911 1272 2001 quibusdam
1303 1913 1796 1978 demonstratum
1829 1912 2104 1990 dicitur,
2145 1858 2378 1988 salium

618 1998 886 2062 subinde
938 2020 1068 2063 esse
1110 1988 1503 2074 ostendatur,
1562 2020 1633 2060 ea
1672 1995 2116 2065 demonstratio
2157 2000 2381 2085 illegi-

612 2083 768 2148 tima
802 2099 890 2148 est
923 2097 987 2148 et
1027 2081 1109 2147 ad
1146 2082 1638 2170 paralogismum
1665 2080 2033 2167 releganda.

691 2194 804 2265 265
841 2206 1149 2265 Scnomon.
1192 2199 1427 2284 Duplici
1454 2204 1806 2283 potissimum
1826 2225 1900 2264 ex
1922 2206 2106 2283 capite
2130 2206 2392 2281 demons-

617 2282 785 2342 tratio
840 2283 1134 2360 illegitima
1178 2284 1375 2345 evadit
1423 2303 1437 2338 t
1492 2283 1590 2346 vel
1638 2282 1793 2343 enim
1834 2282 2047 2345 vitium
2090 2282 2284 2345 formae
2325 2285 2389 2345 in

606 2362 1058 2433 *argumentando
1094 2359 1469 2419 committitur
1488 2403 1505 2432 ,
1547 2362 1699 2436 quod
1743 2360 1977 2439 quidem
2021 2360 2204 2419 rarius
2246 2382 2390 2420 con-

617 2434 818 2510 tingit5
863 2437 957 2497 vel
1031 2437 1139 2495 uod
1176 2435 1339 2509 longe
1368 2434 1761 2510 frequentius,
1804 2436 2177 2512 propositioni
2200 2436 2392 2502 dubiae

617 2522 715 2568 aut
743 2509 908 2586 plane
940 2511 1000 2569 fa
1024 2532 1093 2569 sae
1129 2512 1276 2569 inter
1318 2508 1609 2582 principia
1643 2511 1799 2568 locus
1849 2512 2034 2588 datur.
2081 2511 2388 2586 Nunquam

615 2587 793 2663 igitur
824 2600 1047 2646 utamur
1074 2581 1377 2665 principiis
1400 2581 1596 2641 dubiis
1629 2584 1723 2644 vel
1761 2584 1918 2642 falsis
1943 2628 1962 2658 ,
2008 2588 2123 2646 nisi
2157 2590 2385 2664 quando

618 2664 1092 2741 congrediendum
1131 2674 1213 2723 est
1244 2678 1375 2719 cum
1412 2658 1786 2718 determinato
1825 2659 2146 2723 adversario
2188 2663 2292 2739 qui
2319 2684 2387 2723 ea

618 2739 683 2796 in
721 2741 888 2799 certis
920 2740 1091 2799 habet
1106 2782 1124 2814 ,
1153 2750 1210 2798 et
1240 2755 1412 2796 causa
1444 2754 1517 2793 ex
1540 2746 1698 2812 parte
1722 2746 1911 2794 nostra
1931 2749 2014 2795 est
2039 2740 2186 2813 justa
2216 2763 2229 2796 z
2260 2751 2387 2798 tum

615 2833 752 2873 vero
791 2817 878 2872 ad
913 2816 1210 2875 hominem
1262 2812 1645 2890 argumentari
1692 2812 1955 2876 dicimur.
2011 2812 2108 2874 Sic
2154 2813 2386 2893 pristini

619 2888 931 2948 Christiani
964 2911 1037 2948 ex
1064 2891 1232 2949 libris
1270 2887 1553 2949 Mercurii
1588 2883 1944 2967 Trismegisti
1963 2889 2388 2967 ez'Sibyuarum

606 2966 856 3023 oraculis
911 2965 1282 3025 idololatriam
1318 2966 1727 3053 impugnarunt
1745 3005 1784 3040 ‚-
1812 2966 1950 3043 quia
1989 2969 2066 3025 ad
2120 2988 2185 3027 ea
2229 2969 2387 3030 velut

513 3051 523 3062 '
614 3040 863 3115 genuina
895 3053 991 3100 aut
1026 3059 1200 3118 prope
1230 3042 1432 3104 divina
1459 3042 1572 3119 ipsi
1607 3041 1861 3104 Gentiles
1873 3043 2301 3119 provocabant.-

703 3155 849 3220 266.
897 3154 1362 3220 Demonstratio
1388 3180 1434 3220 a
1453 3155 1677 3255 priori
1701 3151 1933 3221 dicitur
1950 3201 1973 3230 ‚
2017 3153 2170 3219 dum
2200 3153 2389 3238 prin—

623 3235 788 3323 cipia
828 3262 907 3302 ex
945 3239 1180 3326 quibus
1235 3261 1306 3302 ea
1345 3258 1587 3325 petitur
1613 3285 1636 3316 ,
1680 3240 1781 3308 vel
1839 3255 1994 3305 actu*
2026 3236 2121 3302 vel
2165 3235 2389 3303 saltem

623 3320 993 3404 cogitatione
1019 3341 1229 3390 nostra
1250 3346 1387 3388 rem
1412 3324 1957 3404 demonstrandam
1990 3321 2349 3409 praecedunt
2358 3346 2383 3406 3

622 3422 697 3471 ut
731 3404 885 3469 dum
935 3428 1014 3488 ex
1046 3408 1159 3473 sim
1209 3405 1443 3473 licitate
1489 3410 1715 3474 animae
1772 3406 2060 3482 humanae
2108 3407 2239 3493 ejus
2275 3407 2386 3472 in-

614 3488 1112 3578 corruptibilitas
1145 3507 1149 3514 ·
1189 3508 1626 3561 emonstratur.
