2707 4611
630 281 718 353 58
1325 288 1671 353 Tractatua

827 466 1027 554 Atqui
1063 488 1178 531 nec
1221 488 1327 531 ver
1371 481 1499 550 est,
1540 490 1657 532 nec
1704 482 1904 532 aestas:

794 564 800 568 '
830 551 1000 634 Ergo
1032 568 1120 616 est
1158 568 1497 616 autumnus
1530 552 1626 617 vel
1666 551 1885 619 hiems.

714 730 855 796 165.
880 729 1286 819 Syllogismus
1327 728 1767 793 conditionalis
1795 752 1904 792 seu
1948 729 2400 818 hypotheticus.
2480 775 2487 782 ·

628 832 719 880 est
775 814 930 897 ille,
978 819 1156 891 cuius
1204 816 1403 893 major
1442 815 1755 900 praemissa
1797 830 1884 878 est
1947 818 2391 888 conditionalis

624 900 1009 970 affirmativa.
1034 898 1313 992 Utscum
1350 898 1433 964 ait
1467 898 1689 963 Cicero
1720 919 1736 965 ε

826 1078 895 1145 si
942 1093 1189 1176 oportet
1224 1099 1438 1166 sapere
1463 1124 1484 1162 ‚
1522 1060 1668 1142 darc
1691 1100 1950 1165 operam
1974 1078 2386 1170 Philosophiae
2468 1107 2475 1116 ·

911 1178 1235 1226 convenit:
2089 1175 2092 1178 ’

827 1246 1023 1333 Atqui
1065 1261 1312 1332 oportet
1353 1265 1605 1329 sapere:

824 1330 997 1411 Ergo
1038 1330 1185 1393 dare
1224 1352 1473 1414 operam
1506 1328 1924 1415 Philosophiae
1962 1332 2275 1398 convenit.

736 1416 1142 1501 {Principium
1183 1418 1313 1496 ejus
1357 1414 1724 1480 directivum
1771 1434 1896 1482 est:
1990 1473 1993 1474 γ

825 1499 1149 1565 Affirmata
1173 1497 1917 1580 conditione,affirmatur
1941 1522 2202 1588 quoque
2227 1524 2388 1567 con-
2424 1518 2429 1524 '

824 1583 1241 1670 ditionatum3
1284 1600 1345 1649 et
1376 1601 1596 1667 negato
1631 1585 2094 1670 conditionata,
2129 1604 2391 1677 negatur

824 1669 1121 1734 conditio.

623 1843 787 1913 Cum
809 1847 978 1911 enim
999 1847 1074 1909 in'
1093 1846 1448 1913 conditione
1472 1846 1863 1918 contineatur
1892 1849 2048 1925 ratio
2070 1848 2382 1918 sufficiens

621 1930 1023 1997 conditionati
1048 1978 1069 2015 ,
1118 1933 1315 2017 posita
1355 1931 1752 2015 conditione,
1793 1934 2049 2019 ponitur
2076 1933 2380 1995 conditio-

620 2034 878 2102 natum3
929 2033 991 2080 et
1028 2015 1081 2080 si
1115 2016 1193 2080 ab
1224 2017 1510 2101 opposito
1548 2018 1770 2082 veritas
1803 2016 2210 2080 conditionati
2248 2040 2382 2080 non

620 2102 804 2165 detur
832 2147 854 2185 ,
890 2124 1098 2188 neque
1142 2100 1273 2182 ejus
1303 2102 1462 2164 ratio
1488 2101 1557 2163 in
1593 2102 1949 2166 conditione
1968 2101 2102 2166 dari
2125 2103 2385 2188 poterit„
2466 2117 2475 2128 ·

581 2255 582 2258 ,
620 2185 1001 2275 Exemplum
1091 2186 1262 2251 rimae
1300 2185 1527 2273 speciei
1569 2203 1661 2251 est
1703 2186 2098 2280 syllogisgmus
2143 2190 2265 2272 jam
2285 2187 2386 2251 ci-

619 2288 818 2363 tatus3
852 2294 1042 2341 secun
1086 2294 1137 2337 ae
1173 2292 1319 2337 vero
1359 2272 1588 2359 speciei
1639 2288 1731 2338 est
1758 2293 2067 2363 sequens:

817 2451 886 2518 Si
927 2454 1132 2518 anima
1156 2453 1434 2518 humana
1486 2454 1562 2517 sit
1585 2474 1814 2539 corpus
1843 2499 1876 2536 ‚‚
1898 2472 1969 2517 ea‘
1996 2475 2072 2516 ex
2105 2449 2389 2536 partibus

900 2556 1136 2603 constat
1156 2563 1177 2624 3
2105 2550 2109 2554 ’

816 2624 1016 2711 Atqui
1067 2646 1141 2688 ex
1174 2620 1460 2710 partibus
1487 2639 1623 2686 non
1663 2633 1943 2700 constat5

816 2706 989 2792 Ergo
1026 2732 1156 2773 non
1192 2724 1281 2772 est
1309 2724 1557 2790 corpus,

703 2885 843 2951 164.
869 2885 1226 2974 Syllogismi
1284 2878 1732 2949 conditionales
1785 2901 1946 2966 saepe
1986 2876 2186 2944 vitiosi
2236 2894 2384 2943 sun-t

616 2993 693 3035 ex
723 2993 797 3034 eo
817 3017 837 3053 ‚
875 2970 1046 3057 quod
1072 2973 1139 3034 in
1165 2971 1396 3034 minori
1413 2967 1728 3056 praemissa
1753 2963 2103 3028 affirmetur
2120 2979 2382 3048 potestas

614 3053 694 3128 ad
734 3070 971 3140 partem
1000 3055 1374 3120 conditionis
1400 3101 1419 3135 ‚
1464 3070 1525 3116 et
1563 3052 1629 3114 in
1656 3050 2055 3114 conclusione
2072 3047 2382 3117 ,inferatur

614 3156 875 3226 potestas
911 3141 989 3205 ad
1033 3157 1234 3204 totum
1280 3138 1781 3203 conditionatum
1810 3161 1834 3222 3
1865 3152 1927 3201 et
1960 3133 2047 3198 ita
2072 3154 2200 3195 non
2221 3118 2380 3202 valet

612 3247 878 3310 sequens
903 3246 920 3292 ι

817 3357 885 3422 Si
911 3357 1175 3434 Joannes
1212 3355 1428 3420 sedens
1466 3369 1651 3419 staret
1675 3399 1696 3436 ‚
1720 3339 1951 3416 faceret
1975 3347 2328 3414 chimaeram
2355 3369 2392 3438 3,

816 3443 1015 3530 Atqui
1048 3441 1317 3505 Joannes
1348 3441 1565 3504 sedens
1605 3453 1801 3524 ‘potest
1838 3452 2043 3517 stat-(33

816 3525 989 3611 Ergo
1027 3527 1294 3603 Joannes
1338 3541 1542 3613 potest
1587 3526 1789 3599 iacere
1837 3519 2216 3593 chimaeram.
