2707 4611
672 244 790 314 152
1406 243 1748 323 Tractatus
1777 304 1786 315 .
1855 307 1863 314 .

680 318 697 433 ,⁸
747 367 938 433 Proh.
965 365 1196 432 minor.
1237 364 1437 430 Habet
1476 366 1780 430 motivum
1818 357 2189 449 probabile3
2239 357 2413 446 atqui

665 450 975 521 motivum
1025 449 1348 538 probabile
1406 466 1495 514 est
1542 448 1855 514 sufficiens
1908 444 1985 511 ad
2040 465 2351 509 assensum
2393 464 2410 509 ε

668 555 819 616 ergo
865 552 983 598 etc.
1625 546 1640 563 ’

676 670 683 676 ·
745 632 829 697 R.
853 626 934 696 D.
957 633 1022 697 S.
1054 632 1251 718 Atqui
1296 633 1597 698 motivum
1641 629 1964 717 probabile
1987 643 2083 693 est
2110 621 2418 689 sufficiens
2493 643 2510 649 “

664 717 744 781 ad
785 739 1093 781 assensum
1116 761 1136 798 ‚
1172 715 1327 778 dum
1350 738 1490 779 -nou
1531 731 1619 779 est
1661 713 2031 798 impeditum
2071 732 2188 795 per
2211 733 2418 796 asquas-⁴

662 794 794 867 lem
825 817 930 865 aut
972 803 1270 879 maiorem
1306 797 1810 887 probabilitatem
1842 819 1965 859 suae
2006 792 2419 865 contradicto-

667 884 819 966 rias,
863 883 1135 947 concedo
1175 882 1343 947 subs.
1379 903 1396 947 t
1436 882 1484 946 si
1527 881 1608 947 sit
1640 878 2011 967 impeditum
2039 923 2061 963 ,
2122 895 2313 963 prout
2350 877 2416 954 in

670 991 815 1033 casu
851 967 1038 1032 thesis
1054 1013 1074 1052 ,
1109 984 1268 1049 nego
1310 966 1770 1052 subsumptam.
1798 1003 1804 1010 ·
2065 996 2094 1007 <¹

1335 1107 1629 1179 manns
1685 1110 1708 1153 1
1721 1101 1769 1153 .⁰

679 1265 686 1273 ,
753 1199 945 1287 Atqui
990 1200 1296 1263 motivum
1336 1199 1659 1285 probabile
1696 1200 1763 1261 in
1788 1219 1927 1260 casu
1946 1193 2132 1259 thesis
2149 1195 2415 1259 nonim-

666 1281 918 1367 peditur
981 1306 1094 1369 per
1128 1281 1433 1368 aequalem
1478 1280 1972 1368 probabilitatem
2008 1278 2428 1347 contradiow*

668 1365 779 1430 τίω
817 1384 835 1429 t
878 1387 1026 1448 ergo
1062 1365 1234 1431 nulla
1254 1424 1257 1429 .
1279 1364 1532 1430 solutio.
1614 1423 1620 1430 .

753 1460 827 1525 P.
871 1461 936 1527 S.
986 1461 1128 1527 Duo
1179 1464 1411 1543 objecta
1450 1485 1626 1553 aeque
1673 1452 1836 1525 bona
1859 1507 1882 1536 ,
1915 1483 2042 1542 v.g.
2087 1458 2222 1529 duo⁴
2249 1459 2415 1522 aurei

672 1566 849 1629 mque
900 1546 1051 1609 boni
1104 1546 1290 1610 alicui
1334 1563 1810 1634 proponantur3
1839 1543 1960 1608 ,tali
2002 1566 2146 1607 casu
2190 1543 2415 1625 bonitas

672 1627 864 1690 unius
889 1629 1067 1693 aurei
1096 1653 1221 1695 non
1249 1631 1510 1717 impedit
1538 1631 1876 1719 quominus
1899 1627 2130 1711 judicet
2156 1625 2416 1697 alterum

671 1730 800 1771 esse
854 1709 1097 1776 bonum
1141 1735 1157 1780 ε
1215 1737 1363 1798 ergo
1427 1714 1609 1780 etiam
1646 1716 1713 1776 iu
1749 1737 1892 1778 casu
1941 1711 2127 1784 thesis
2173 1708 2424 1795 aequali‘s

669 1791 1076 1936 probabilitas
1130 1798 1317 1863 unius
1352 1820 1482 1862 non
1530 1799 1791 1890 impedit
1836 1796 2138 1862 motivum
2182 1794 2419 1881 proba-

719 1873 802 1937 11e
837 1875 1111 1939 alterius.

670 1992 675 2001 ·
755 1973 836 2036 R.
860 1972 939 2036 N.
961 1973 1035 2038 C.
1057 1989 1115 2037 et
1132 1973 1202 2038 P.
1248 1974 1575 2062 Disparitas
1607 1993 1729 2050 est,
1770 1976 1940 2064 quod
1982 1975 2075 2040 illi
2094 1975 2218 2038 duo
2246 1974 2429 2038 aurei

668 2056 906 2201 possint
980 2080 1105 2122 esse
1161 2058 1349 2123 simul
1405 2061 1553 2124 boni
1591 2084 1611 2145 3
1669 2059 1952 2150 adeoque
1999 2059 2220 2125 motiva
2261 2080 2427 2144 pro-

666 2152 671 2158 ‘
717 2141 877 2203 antia
937 2161 1086 2202 hum
1141 2165 1262 2206 esse
1326 2144 1564 2208 bonum
1620 2167 1749 2208 non
1797 2143 2094 2231 probant'
2124 2159 2275 2208 2‚um
2301 2164 2427 2206 esse

582 2278 587 2283 ,
671 2223 953 2308 malum3
980 2224 1140 2288 nihil
1166 2226 1356 2309 igitur
1380 2227 1639 2314 impedit
1664 2230 1999 2316 quominus
2021 2244 2278 2315 propter
2293 2248 2430 2290 mo-

669 2308 791 2371 tiva
832 2308 1156 2393 probantia
1205 2331 1361 2376 2.¹¹m
1395 2335 1450 2374 v.
1467 2336 1528 2395 g.
1567 2333 1690 2378 esse
1717 2316 1951 2378 honum
1974 2357 1998 2388 ,
2045 2311 2217 2377 illius
2244 2311 2426 2374 boni-

671 2394 779 2454 tati
825 2409 1147 2476 praestetur
1187 2416 1463 2458 assensus
1511 2417 1526 2461 :
1561 2395 1732 2459 aliud
1784 2415 1988 2459 autem
2026 2413 2114 2459 est
2156 2395 2241 2474 dev
2271 2411 2427 2459 con-

668 2474 1088 2559 tradictoriis3
1128 2495 1272 2540 cum
1321 2480 1491 2540 enim
1529 2479 1624 2541 hae
1653 2501 1775 2539 non
1815 2477 2051 2563 possint
2090 2501 2218 2543 esse
2239 2477 2425 2542 simul

671 2580 833 2623 verae
856 2607 877 2634 ‚
896 2560 1123 2623 motiva
1149 2558 1470 2646 probantia
1491 2561 1765 2700 primam
1789 2583 1913 2622 esse
1930 2582 2135 2642 yet-am
2154 2608 2175 2635 ‚
2206 2562 2427 2624 eodem

675 2659 955 2728 tempore
996 2643 1262 2727 probant
1306 2662 1514 2722 secun
1540 2663 1639 2702 am
1668 2662 1793 2716 esse
1841 2640 2057 2704 falsam
2079 2668 2103 2725 5
2145 2644 2421 2725 adeoque

677 2747 821 2788 eum
868 2729 1038 2811 paria
1066 2722 1332 2790 veritatis
1370 2723 1594 2804 indicia
1629 2723 1895 2810 probent
1922 2724 2250 2787 secundam
2293 2738 2423 2785 esse

664 2830 883 2876 -veram
941 2825 1002 2871 et
1058 2811 1324 2893 primam
1382 2806 1637 2881 falsam,
1681 2824 1899 2872 neutra
1932 2824 2181 2895 apparet
2225 2805 2427 2884 menti

674 2892 886 2971 potius
930 2914 1068 2953 vera
1112 2916 1302 2979 quam
1337 2892 1528 2969 falsa,
1569 2911 1630 2957 et
1653 2891 2427 2980 proinde-neutriillarum

678 2975 956 3037 assentiri
1003 2990 1220 3058 potest.
2223 2983 2224 2986 ’

1326 3069 1619 3132 ms'rAms
1659 3077 1760 3129 20

719 3252 733 3265 ⁶
769 3169 961 3258 Atqui
1001 3169 1172 3256 quod
1209 3170 1346 3234 duae
1389 3174 1869 3239 contradictoriae
1901 3199 2027 3239 non
2050 3173 2280 3262 possint
2297 3192 2427 3235 esse

686 3254 872 3317 simul
897 3278 1089 3329 verae,
1118 3255 1237 3318 hoc
1263 3256 1428 3320 nihil
1445 3258 1626 3341 facit3
1681 3282 1827 3341 ergo
1874 3257 2044 3321 nulla
2082 3255 2428 3340 disparitas.

762 3343 835 3418 P·
868 3352 954 3435 Δ.
998 3345 1166 3416 Pone
1191 3352 1467 3439 aliquem
1491 3356 1890 3419 constitutum
1920 3356 1981 3417 in
2006 3352 2207 3425 bivio,
2247 3354 2432 3434 cujus

680 3454 806 3506 lma
839 3431 934 3518 Via
975 3435 1145 3502 ducit
1183 3436 1669 3511 admei-minum,
1711 3438 1899 3501 altera
1932 3437 2009 3498 ab
2038 3434 2253 3500 eodem
2306 3436 2429 3499 ab-

698 3514 871 3616 du'cit
893 3538 921 3612 ᾗ
934 3605 939 3612 ὁ
959 3537 1121 3601 pone
1165 3519 1427 3590 ulterius
1478 3521 1648 3606 quod
1691 3519 1789 3584 illi
1849 3540 2036 3609 ‘aeque‘
2075 3516 2436 3609 probabiles
