2707 4611
610 236 640 277 ι
656 234 675 281 1
690 212 730 283 8
1328 211 1669 276 Τναοιαιιιε

696 332 888 398 Proh.
912 331 1372 417 consequentia.
1405 330 1738 418 Quidquid
1804 351 2179 415 corporeum
2226 346 2359 414 est,
2427 370 2432 377 =

608 434 892 491 creatura
953 434 1073 498 est3
1134 415 1306 498 atqui
1367 418 1476 497 qui
1519 414 1789 499 concipit
1844 435 1953 474 ens
2000 413 2255 500 aliquod
2292 432 2361 478 ut

608 517 987 584 creaturam,
1041 520 1169 560 non
1203 515 1401 583 potest
1436 498 1594 562 illud
1634 496 1973 581 concipere
2010 516 2083 562 ut
2120 522 2360 561 summe

608 585 998 671 perfectum:
1043 605 1189 663 ergo
1229 605 1433 666 neque
1478 583 1592 670 qui
1629 581 1912 665 concipit·
1934 603 2043 644 ens
2104 582 2364 668 aliquod

602 676 689 737 ‘ut
722 690 1096 812 por-porcum
1125 713 1145 749 ‚
1186 682 1387 752 potest
1428 665 1583 730 illud
1622 665 1948 750 concipere
1980 681 2053 727 ut
2118 689 2363 732 summe

608 775 722 838 per
751 769 975 815 ectum.
2097 788 2100 791 -

690 849 877 934 Resp.
906 846 1185 929 negando
1218 845 1720 932 consequentiam
1759 862 1818 910 et
1858 841 2196 943 paritatem.
2218 845 2363 913 Dis-

607 932 837 1030 paritas
881 948 1010 1012 est,
1062 928 1235 1017 quod
1303 946 1429 993 tam
1473 930 1790 995 manifesta
1834 947 1910 993 slt
1956 930 2365 1013 repugnantia

606 1033 774 1080 anter
798 1038 924 1078 esse
944 1033 1286 1079 creaturam
1314 1031 1377 1077 et
1411 1037 1536 1077 esse
1568 1037 1673 1077 ens
1696 1037 1935 1077 summe
1967 1011 2307 1098 perfectum
2336 1059 2359 1096 ,

564 1124 567 1129 ·
608 1116 684 1162 ut
717 1099 1032 1162 neminem
1055 1144 1077 1181 ,
1110 1099 1508 1182 quantumvis
1549 1098 1798 1162 idiotam
1832 1145 1853 1183 ‚
1899 1097 2085 1161 latere
2122 1097 2358 1181 possit3
2405 1106 2424 1151 ἓ
2495 1108 2500 1119 “

566 1231 574 1238 .
611 1181 718 1244 sed
787 1198 1026 1245 remota
1077 1186 1321 1244 tantum
1363 1200 1450 1246 est
1504 1182 1811 1269 oppositio
1846 1205 1985 1267 quae
2035 1179 2365 1251 intercedit

609 1265 774 1329 inter
797 1289 924 1329 esse
944 1289 1318 1353 corporeum
1335 1285 1395 1331 et
1422 1290 1547 1329 esse
1566 1290 1806 1332 summe
1829 1264 2379 1354 perfectum31icet

610 1351 778 1413 enim
820 1373 1006 1414 omne
1048 1375 1272 1435 corpus
1312 1375 1343 1413 a
1382 1368 1557 1437 parte
1618 1353 1711 1415 rei
1744 1352 1819 1415 sit
1869 1368 2187 1431 creatura,
2227 1349 2368 1413 fieri

610 1450 819 1497 tamen
866 1451 1064 1520 potest
1106 1453 1173 1498 ut
1219 1458 1412 1499 nexus
1459 1434 1568 1498 ille
1603 1459 1734 1499 non
1792 1435 2213 1520 percipiatur3
2262 1433 2420 1512 hic„

610 1518 921 1603 siquidem
963 1542 1086 1582 non
1127 1519 1435 1601 detegitur
1461 1519 1579 1582 nisi
1618 1544 1731 1606 per
1766 1520 2116 1583 discursum
2142 1541 2369 1603 quem-

522 1659 531 1671 ,
613 1600 755 1665 dam
776 1649 795 1683 ,
822 1606 1015 1697 ‘cujus
1045 1604 1325 1668 homines
1357 1604 1546 1693 paulo
1587 1605 1868 1679 rudiores
1893 1621 1977 1679 ,ut
2020 1602 2371 1699 plurimum
2405 1656 2422 1677 Α.

620 1702 769 1749 sunt
817 1706 1158 1775 incapaces·
1361 1696 1368 1701 ’

1273 1796 1566 1843 INSTABIS
1619 1774 1711 1859 4⁰.

695 1877 892 1964 Atqui
930 1875 1108 1940 debet
1152 1879 1339 1941 etiam
1381 1881 1571 1943 idiota
1625 1878 1831 1940 videre
1886 1877 2364 1957 repugnantiam

616 1984 758 2048 quae
808 1961 986 2025 datur
1033 1961 1189 2024 inter
1234 1984 1537 2027 summam
1571 1958 2015 2044 perfectionem
2041 1974 2099 2020 et
2125 1979 2361 2043 corpo-

617 2062 912 2109 reitatem.
2380 2090 2392 2099 r

693 2129 882 2192 Proh.
903 2127 1068 2192 subs.
1092 2126 1290 2191 Idiota
1325 2128 1609 2191 tribuens
1650 2124 1785 2191 Deo
1832 2146 2098 2209 corpus,
2131 2145 2207 2187 eo
2234 2122 2370 2208 ipse

616 2213 892 2301 concipit
927 2212 1131 2276 Deum
1159 2228 1233 2274 ut
1262 2211 1725 2296 imperfectum.

700 2311 774 2376 P.
804 2311 882 2375 A.
906 2309 1245 2396 Experitur
1292 2329 1521 2393 corpus
1557 2329 1742 2370 suum
1775 2301 1988 2370 multis
2030 2303 2371 2391 imperfec-

615 2394 894 2457 tionibus
948 2417 1074 2456 esse
1101 2392 1498 2475 obnoxium3
1543 2413 1690 2472 ergo
1742 2412 1816 2452 eo
1864 2389 2000 2475 ipso
2048 2412 2178 2474 quo
2215 2412 2375 2454 conq-

615 2476 767 2562 cipit
810 2476 1017 2538 Deum
1052 2493 1124 2537 ut
1168 2498 1542 2561 corporeum
1563 2491 1593 2557 ‘‚
1620 2473 1890 2559 concipit
1910 2474 2115 2558 ipsum
2144 2474 2374 2560 pariter

615 2578 688 2628 ut
723 2557 1188 2645 imperfectum.

698 2665 887 2750 Resp.
913 2663 1195 2747 negando
1229 2661 1765 2748 consequentiam:
1791 2678 1851 2724 et
1881 2660 2039 2725 ratio
2055 2676 2177 2744 est,
2199 2659 2368 2745 quod

614 2745 808 2812 idiota
858 2748 991 2813 Deo
1012 2771 1141 2811 non
1184 2747 1417 2811 tribuat
1448 2769 1713 2832 corpus,
1732 2743 1916 2845 quale
1936 2762 2026 2814 est
2048 2761 2325 2809 nostrum
2344 2791 2365 2829 ‚

611 2831 720 2899 sed
768 2854 995 2919 corpus
1024 2830 1282 2918 aliquod
1308 2831 1540 2895 altioris
1565 2829 1801 2894 ordinis
1822 2876 1842 2912 ‚
1860 2828 2327 2893 subtilissimum
2344 2876 2365 2912 ,

604 2911 1136 2993 'elegantissimum
1157 2961 1177 2997 ‚
1198 2918 1389 2986 verbo
1409 2962 1430 2996 ,
1451 2915 1575 2980 tale
1603 2962 1623 2998 ,
1648 2913 1819 3000 quod
1836 2912 2049 2978 saltem
2065 2913 2137 2976 in
2161 2933 2369 2984 mente

614 2995 746 3082 ejus
780 2997 1016 3072 nullam
1067 2998 1603 3089 imperfectionem
1637 2997 1913 3068 involvit.
1949 3019 1952 3021 ’

1231 3127 1529 3173 INSTAms
1578 3104 1671 3174 5.0

750 3180 770 3202 ,
822 3175 825 3180 .
2071 3178 2076 3182 .

695 3210 842 3275 Non
889 3212 1099 3276 minus
1122 3214 1498 3297 corporeitas
1530 3228 1835 3297 repugnat
1859 3211 1992 3276 Deo
2014 3235 2205 3297 quam
2222 3211 2365 3275 An·-

611 3292 795 3380 gelo3
833 3298 1007 3376 atqui
1051 3296 1405 3381 concipiens
1450 3296 1779 3381 Angelum⁴
1826 3311 1901 3359 ut
1939 3318 2311 3381 corporeum
2336 3343 2359 3381 ,

612 3401 742 3444 non
778 3375 1031 3439 haberet
1062 3380 1265 3444 ideam
1306 3380 1535 3460 Angeli
1560 3404 1577 3446 ε
1603 3405 1751 3464 ergo
1774 3379 2363 3465 concipiens‘Deum

607 3482 680 3539 ut
715 3481 1124 3560 corporeum,
1164 3486 1291 3527 non
1333 3462 1587 3533 haberet
1620 3466 1823 3531 ideam
1862 3461 2001 3535 Dei,
