2707 4611
873 402 877 406 ‚
914 304 992 368 cle
1025 269 1301 397 Zogica.
1900 344 1977 410 ²7
2080 339 2083 342 ·

250 448 425 495 eatur.
465 425 629 506 Hinc
667 429 802 496 idea
838 431 1025 498 etiam
1065 435 1358 503 dividitur
1395 439 1464 508 in
1510 456 1871 511 concretam
1908 467 1974 516 et

248 516 639 580 abstractam.
691 515 998 582 Concreta
1056 537 1177 599 est,
1242 544 1387 608 quae
1435 542 1646 590 notam
1678 550 1789 593 seu
1828 533 1970 598 for-

246 622 397 663 mam
437 615 845 686 repraesentat·
887 618 959 665 ut
1011 601 1443 670 inexistentem
1492 610 1819 693 subject03
1861 618 1973 680 ab-

244 700 444 748 stracta
475 688 621 748 vero
638 729 659 767 ‚
697 706 834 769 quae
855 683 1124 749 formam
1150 688 1281 750 sine
1309 691 1621 777 subjecto,
1657 697 1767 770 ,cui
1793 697 1975 782 insit,

243 783 640 852 repraesentat.
676 767 777 832 Sic
816 768 957 860 idea
988 769 1270 833 hominis·
1308 773 1482 837 docti
1518 793 1609 841 est
1643 797 1932 847 concreta
1952 826 1976 867 ,

241 850 533 915 doctrinae
565 854 710 916 vero
727 897 747 934 ,
792 852 1107 919 abstracta.

297 970 380 1049 47.
403 968 708 1029 Scnomon.
732 969 933 1029 Stricte
966 972 1250 1048 loquendo
1289 973 1471 1032 omnis
1499 975 1622 1035 idea
1662 998 1784 1053 quae
1831 1001 1967 1042 con-

230 1047 399 1121 juncta
427 1047 726 1124 separatim
752 1046 1018 1116 exhibet,
1056 1050 1333 1106 abstracta
1369 1060 1482 1121 est‚·
1516 1055 1966 1131 quandoquidem

205 1122 578 1183 'abstractione
612 1133 977 1198 comparetur.
1002 1121 1077 1179 Et
1107 1121 1190 1179 sic
1227 1141 1411 1180 omnes
1448 1122 1583 1183 ideae
1619 1129 1965 1192 universales

225 1198 492 1257 abstractae
548 1208 717 1271 sunt3
762 1198 876 1255 imo
906 1217 969 1255 eo
1007 1216 1175 1255 sensu
1216 1196 1337 1254 idea
1356 1196 1605 1257 hominis
1655 1204 1810 1262 docti
1848 1210 1957 1265 ab-

220 1283 409 1333 stracta
462 1275 643 1331 foret:
701 1292 936 1343 verum,
979 1272 1430 1348 aequivocationis
1469 1275 1711 1333 vitandae
1744 1298 1907 1338 causa
1934 1326 1956 1356 ‚

223 1349 667 1435 quotiescumque
707 1348 770 1405 in
799 1349 1039 1405 decursu
1065 1349 1132 1405 de
1163 1346 1284 1404 idea
1312 1347 1588 1405 abstracta
1616 1351 1781 1406 nobis
1802 1372 1967 1410 men-

218 1433 291 1483 no
324 1424 468 1493 erit,
510 1426 668 1482 illam
707 1422 987 1495 intelligas
1016 1464 1036 1497 ‚
1080 1441 1199 1499 quae
1232 1423 1470 1480 formam
1517 1423 1637 1482 sine
1679 1424 1928 1498 subjecto
1944 1471 1965 1503 ,

217 1500 304 1557 cui
343 1500 529 1571 insit,
571 1504 955 1571 repraesentat.

297 1631 403 1693 48.
428 1627 770 1710 Objectum
783 1671 804 1709 ,
827 1626 931 1690 cui
956 1627 1159 1712 plures
1172 1626 1554 1694 conveniunt
1579 1645 1739 1694 notae
1757 1676 1780 1713 ,
1797 1652 1965 1695 com-

205 1712 480 1801 plexum
523 1736 633 1776 seu
675 1710 1084 1796 compositum
1124 1729 1213 1776 est
1240 1733 1262 1795 ;
1303 1711 1406 1777 cui
1443 1734 1589 1777 vero
1625 1714 1812 1780 unica
1837 1738 1962 1780 no-

215 1814 273 1863 ta
312 1797 632 1880 convenit,
676 1794 949 1879 simplex
978 1796 1242 1860 dicitur:
1284 1794 1456 1860 unde
1511 1795 1646 1862 idea
1699 1797 1769 1862 in
1809 1798 1962 1862 sim-

196 1882 433 1969 plicem
486 1897 544 1946 et
587 1879 1008 1966 <complexam
1053 1881 1204 1944 abit.
1254 1879 1618 1967 Complexo,
1665 1899 1759 1946 est
1816 1905 1960 1969 quae

197 1967 409 2053 plures
447 1982 623 2030 notas
638 1982 710 2030 ut
730 1964 933 2028 eidem
962 1964 1206 2047 objecto
1246 1963 1639 2030 inexistentes
1665 1963 1959 2034 distincte

196 2067 633 2136 repraesentat:
681 2050 959 2135 simplex
1007 2071 1156 2113 vero
1194 2094 1215 2132 ‚
1289 2047 1439 2136 quae'
1489 2049 1741 2115 nonnisi
1797 2052 1956 2117 uni-

196 2158 374 2217 cam,
412 2135 511 2197 vel
548 2132 763 2219 plures
811 2132 1066 2218 quidem
1089 2179 1109 2214 ,
1138 2132 1245 2196 secl
1278 2133 1535 2198 confuse
1576 2151 1639 2198 et
1665 2157 1781 2219 per
1802 2158 1953 2198 mo·—

197 2218 358 2281 dum
387 2218 576 2279 unius
600 2260 620 2297 ‚
663 2232 1077 2297 repraesentat.
1097 2215 1199 2277 Sic
1243 2215 1381 2279 idea
1410 2216 1692 2279 hominis
1741 2217 1914 2279 docti
1931 2263 1956 2291 ‚

180 2359 184 2363 .
188 2298 382 2389 globi
439 2297 608 2378 albi,
674 2313 791 2357 etc.
810 2295 1134 2377 complexa
1190 2312 1317 2376 est3
1363 2296 1634 2378 simplex
1700 2315 1906 2362 autem
1930 2345 1956 2384 ,

194 2383 684 2471 qualiscumque
708 2374 847 2440 idea
890 2375 1055 2437 entis
1086 2388 1149 2436 et
1174 2394 1388 2438 omnes
1434 2375 1700 2441 aliarum
1741 2403 1953 2451 rerum

193 2469 355 2533 ideae
400 2464 692 2531 confusae.

265 2578 364 2657 49.
389 2575 697 2634 Senouoiv.
722 2569 793 2627 In
835 2587 940 2655 usu
974 2567 1223 2625 idearum
1270 2569 1339 2627 de
1379 2569 1585 2651 quibus
1617 2570 1719 2630 hoc
1768 2576 1951 2652 capite

184 2663 496 2713 tractatum
527 2660 646 2716 est,
703 2663 986 2721 graviores
1000 2663 1409 2721 nonnunquam
1432 2648 1743 2723 subrepunt
1790 2670 1952 2708 erro-

164 2750 278 2789 ,res
300 2773 320 2804 ,
351 2745 499 2806 quos
514 2768 533 2799 ,
570 2735 634 2781 ut
659 2720 883 2780 facilius
917 2720 1129 2794 evites,
1167 2723 1484 2797 proderunt
1511 2735 1806 2801 sequentes

171 2908 414 3000 Leges
439 2901 527 2972 de
563 2927 707 2992 usu
731 2900 800 2971 id
808 2924 1057 2973 earum
1087 2899 1566 2994 singularium
1583 2953 1605 2989 ‚
1635 2901 1943 2977 univer-
1974 2944 1987 2964 ,

280 2998 550 3084 salium
578 3048 600 3087 ,
644 2995 1157 3067 abstractarum
1188 3004 1259 3064 et
1292 3005 1796 3069 concretarum.

913 3208 1231 3232 mm

855 3313 990 3359 LEX
1031 3311 1273 3385 t’RIMA.

171 3460 184 3477 ,
264 3402 432 3467 Ideis
465 3399 885 3485 singularibus
912 3421 1065 3488 quas
1085 3422 1198 3485 per
1227 3398 1740 3485 compositionem
1758 3420 1939 3462 men-

168 3487 257 3554 tis
300 3486 696 3567 efformamus
719 3532 741 3571 ,
787 3507 922 3550 non.
952 3506 1197 3571 semper
1237 3480 1571 3574 respondet
1593 3556 1605 3566 ³
1628 3481 1935 3566 objectum

1437 3579 1568 3643 132
