2707 4611
582 196 673 302 76
1280 205 1661 275 Tractatus

665 333 808 399 206.
854 328 1079 399 Sensus
1144 334 1211 399 in
1280 331 1564 401 examine
1616 353 1842 395 rerum
1886 351 2332 421 corporearum

578 418 760 482 nobis
790 418 1046 482 utilium
1080 436 1186 481 aut
1219 419 1555 481 noxiarum
1591 431 1940 482 constanter
1975 442 2089 485 nos
2117 420 2332 488 fallere

579 520 926 589 nequeunt.
947 501 1494 587 Quemadmodum
1508 501 1680 566 enim
1691 499 1860 566 Deus
1878 505 2152 589 optimus
2164 531 2336 592 mag-

546 622 549 629 ·
578 609 725 652 nam
762 587 939 651 nobis
984 589 1052 648 in
1099 586 1326 651 tellure
1359 606 1581 650 rerum
1617 588 1963 652 ubertatem
1995 595 2329 677 concessit,

579 673 662 737 ita
696 673 773 736 iis
811 671 879 734 in
932 672 1171 736 bonum
1229 671 1327 734 uti
1360 693 1474 735 nos
1517 670 1747 756 voluit3
1802 673 1975 759 atqui
2003 676 2076 741 ,si
2122 699 2335 742 sensus

581 779 696 822 nos
750 771 1054 856 perpetuo
1107 754 1401 820 fallerent
1417 765 1446 829 ',
1495 755 1781 820 omnium
1830 756 2057 822 harum
2116 782 2337 826 rerum

580 842 937 925 cogmtione
988 840 1451 925 commodisque
1512 839 1662 904 inde
1716 839 2175 926 profluentibus
2203 846 2341 911 ⁴de-

578 927 1024 1010 stitueremur3
1071 947 1218 1008 ergo
1260 944 1501 988 summa
1544 925 1839 1011 sapientia
1882 925 2000 990 sibi
2026 926 2336 994 adversari

579 1009 840 1074 dicenda
881 1010 1042 1072 foret
1061 1055 1085 1084 ,
1136 1010 1187 1072 si
1233 1032 1450 1073 sensus
1483 1030 1595 1073 uos
1640 1027 1946 1098 perpetuo*
1991 1008 2282 1076 fallerent
2305 1032 2340 1098 ς’

579 1093 753 1180 quod
796 1091 1067 1157 maxime
1109 1092 1457 1159 absurdum
1503 1109 1614 1158 est.
2083 1125 2088 1129 ·

664 1292 808 1359 207.
831 1268 1295 1338 Testimonium
1332 1294 1630 1339 sensuum
1662 1272 1740 1338 de
1766 1271 2083 1338 existentia
2138 1272 2335 1358 cuius-

579 1355 734 1421 libet
760 1357 1040 1443 corporis
1069 1355 1461 1421 determinati
1495 1357 1755 1457 e'usque
1796 1355 2337 1456 qualimtiouspo-

582 1457 699 1507 test
739 1462 865 1506 esse
898 1440 1249 1525 legitimum
1268 1440 1365 1506 vel
1386 1464 1516 1506 non
1561 1460 1909 1526 egmmum.
1934 1444 2311 1525 Legmmum

671 1631 759 1684 ιθ
810 1618 876 1683 Si
943 1620 1106 1687 illud
1143 1639 1423 1687 versetur
1455 1621 1621 1687 circa
1653 1622 1967 1706 objectum
1993 1670 2001 1685 2
2027 1620 2148 1687 sibi
2191 1644 2350 1709 pro-

578 1704 813 1791 prium.
842 1703 967 1767 Pro
992 1729 1122 1791 quo
1138 1706 1489 1772 notandum
1505 1706 1678 1794 quod
1700 1707 2023 1792 singulum
2041 1728 2349 1790 organum
2440 1748 2444 1751 v
2525 1688 2532 1693 .

625 1786 913 1874 roprium
954 1811 1027 1851 ac
1046 1790 1544 1856 determinatum
1596 1792 1718 1871 sibi
1744 1794 2059 1874 objectum
2094 1790 2342 1858 habeat.

577 1810 685 1937 gie
731 1870 900 1937 oculi
943 1894 1060 1958 pro
1084 1874 1349 1959 ⁸objecto
1393 1873 1625 1937 habent
1680 1874 1902 1937 lumen
1935 1892 1995 1938 et
2043 1873 2287 1939 colores
2313 1918 2340 1950 ‚

582 1980 761 2022 aures
801 1979 987 2021 sonos
1010 2005 1032 2031 ,
1079 1980 1255 2021 nares
1289 1958 1549 2034 odores,
1596 1956 1812 2039 lingua
1842 1980 2162 2044 saporem,
2196 1975 2341 2023 tac-

582 2056 680 2105 tus
700 2086 721 2117 ‚
762 2042 874 2129 qui
912 2064 1025 2126 per
1057 2057 1256 2107 totum
1290 2064 1520 2130 corpus
1551 2035 1932 2108 diffunditur
1956 2090 1977 2116 ‚
2012 2041 2287 2107 calorem
2313 2082 2339 2117 ,

581 2124 777 2208 frigus
798 2172 820 2201 ‚
871 2127 1364 2208 magnitudinem
1384 2175 1406 2204 ‚
1446 2126 1795 2194 distantiam
1819 2174 1843 2204 ‚
1887 2126 2163 2217 aliasque
2198 2150 2347 2194 cor-

584 2233 814 2300 porum
847 2209 1187 2299 qualitates.

613 2449 617 2454 .
671 2403 762 2491 39
793 2389 861 2456 si
893 2389 988 2457 illi
1026 2391 1375 2459 eonsentiat
1418 2370 1770 2460 vel—saltem
1813 2367 1946 2459 non
1993 2393 2343 2460 adversetur

586 2493 766 2543 ratio-

616 2707 617 2710 *
674 2656 768 2723 δέ’
796 2654 867 2738 Si
907 2651 1005 2719 illi
1045 2654 1380 2723 consentiat
1416 2649 1515 2719 vel
1556 2651 1774 2720 saltem
1815 2675 1952 2718 nont
1983 2653 2365 2719 adversetur,

591 2740 1017 2809 testimonium
1067 2763 1366 2807 sensuum
1415 2736 1768 2827 praecedeus
1797 2738 1895 2805 vel
1927 2737 2335 2825 subsequens.

671 2917 768 2981 4.⁰
799 2917 867 2983 Si
905 2916 1002 2982 illi
1048 2918 1391 2987 consentiat
1427 2915 1526 2985 vel
1569 2917 1786 2986 saltem
1822 2940 1958 2985 non
1995 2917 2349 2989 adversetur

592 3000 1019 3067 testimouium
1067 3001 1308 3069 actuale
1343 3003 1596 3070 alterius
1638 3024 1892 3090 sensus3
1947 3022 2055 3072 aut
2097 3003 2349 3072 tandem

595 3086 689 3152 5.⁰
713 3086 1134 3153 testimonium
1153 3110 1452 3157 sensuum
1484 3088 1758 3158 aliorum
1771 3088 2125 3168 homiuum.
2154 3087 2348 3155 secus

592 3189 713 3270 erit
749 3167 1180 3257 illegitimum.‘

604 3383 609 3384 ⁷
677 3349 821 3415 208.
849 3349 1309 3416 Testimonium
1345 3332 1647 3420 sensuum
1687 3333 2037 3433 legitimum
2066 3348 2146 3414 de
2183 3348 2347 3417 exis-

597 3435 784 3516 tentia
827 3433 1156 3519 cujuslibet
1190 3438 1468 3524 corporis
1507 3435 1893 3504 determinati
1915 3435 2171 3523 ejusque
2197 3458 2348 3532 sew-¹
