2707 4611
608 262 688 353 'm
1308 281 1653 348 Tractatus

661 409 806 496 ‘¹9‘
839 407 984 473 Idea
1027 406 1308 473 distincta
1335 408 1568 473 dicitur
1594 405 1912 494 complete
1943 407 2289 485 distincttn
2317 402 2378 475 si'i

601 493 955 560 habeantur
1000 492 1154 557 ideae
1193 490 1694 557 claraeomnium
1721 508 2020 556 notarum
2038 538 2059 572 ‚
2089 517 2231 581 quae
2258 517 2373 558 rea

598 582 951 667 «quiruntur
985 577 1066 642 ad
1098 579 1416 661 objectum
1455 577 1634 642 illud·
1657 577 1739 640 ah
1776 576 1951 642 omni
1987 576 2110 640 alio
2136 577 2373 644 discer-

602 664 932 749 nendum3
987 659 1039 728 si
1078 663 1452 751 pauciorum
1472 710 1496 738 ,
1543 662 1772 728 dicitur
1815 662 2199 748 incomplete
2236 663 2371 728 dis-

672 914 764 954 20.
810 894 1115 954 Senouon.
1159 894 1274 966 Qui
1304 896 1485 953 ideam
1511 895 1781 971 complete
1813 894 2134 953 distinctam
2164 894 2249 952 rei
2269 914 2366 953 cu-

596 973 812 1050 jusdam
845 971 1046 1043 habet,
1087 972 1465 1045 terminosque
1503 972 1663 1029 novit
1684 971 1833 1029 notis
1857 970 2095 1047 singulis
2128 990 2364 1046 respon-

600 1050 794 1107 dentes
813 1090 831 1119 ,
873 1047 920 1103 is
951 1066 1054 1121 per
1074 1059 1388 1105 accuratam
1409 1068 1598 1104 earum
1625 1047 2100 1106 enumerationem
2132 1065 2254 1104 eam
2281 1046 2365 1105 s'ic-

599 1123 728 1185 aliis
760 1122 1042 1197 explicare
1076 1134 1253 1198 potest
1273 1166 1288 1191 ,
1327 1135 1389 1180 ut
1418 1135 1471 1180 et
1504 1122 1592 1180 illi
1625 1144 1741 1182 rem
1781 1123 1956 1200 ipsam
1980 1125 2051 1181 ab
2073 1121 2228 1181 omni
2254 1122 2365 1180 alia

595 1198 937 1277 distinguere
961 1198 1204 1256 valeant.
1234 1198 1388 1256 Patet
1410 1199 1546 1256 hinc
1571 1220 1681 1275 qua
1709 1199 2090 1257 sollicitudine
2116 1197 2363 1256 Philoso-

593 1274 742 1362 phus
782 1273 933 1332 eniti·
956 1275 1154 1332 debeat
1182 1275 1250 1331 ad
1280 1278 1674 1352 comparandas
1704 1276 1814 1334 sibi
1850 1275 2140 1335 distinctas
2172 1283 2362 1335 rerum

595 1352 770 1409 ideas.

680 1491 781 1533 21.
826 1467 1265 1533 Communiter
1294 1468 1432 1533 idea
1471 1469 1755 1536 distincta
1792 1492 1825 1533 a
1857 1469 2101 1551 Logicis
2136 1466 2362 1535 subdi—

592 1552 828 1620 viditur
859 1555 928 1618 in
965 1555 1388 1641 adaequatam
1425 1570 1487 1618 et
1521 1554 2014 1643 inadoequatam
2030 1581 2056 1632 3
2082 1553 2187 1617 sed
2217 1553 2363 1638 opi-

593 1640 787 1702 nione
832 1655 1041 1702 nostra
1076 1637 1413 1702 subdivisio
1467 1639 1598 1703 haec
1640 1637 2073 1704 confusionem
2113 1640 2182 1716 in
2227 1637 2364 1702 dis-

596 1723 879 1789 centium
902 1740 1110 1787 mente
1127 1723 1291 1810 parit
1312 1769 1331 1806 ‚
1361 1722 1695 1788 utilitatem
1722 1748 1868 1788 vero
1889 1723 2154 1787 nullam.
2183 1721 2364 1809 Qua-'-

591 1825 853 1913 propter
915 1824 1202 1894 tyronem
1224 1854 1244 1891 ,
1310 1831 1381 1872 ea
1440 1809 1666 1875 omissa
1701 1855 1722 1889 ‚
1789 1831 2045 1871 monere
2095 1807 2360 1873 sufficiet

591 1917 892 1981 lpsarum‚
920 1892 1102 1955 etiam
1128 1909 1419 1957 notarum
1458 1893 1624 1957 ideas
1660 1892 1969 1956 distinctas
1995 1915 2119 1957 esse
2145 1916 2357 1980 posse,

592 1996 783 2065 atque
826 1977 1069 2065 quasvis
1119 1978 1554 2059 objectinotas
1607 1979 1676 2041 in
1729 2001 1869 2043 suas
1908 1977 2142 2042 iterum
2187 1996 2358 2046 notas
2448 1977 2453 1984 ‘

589 2062 830 2131 tamdiu
874 2059 1096 2126 resolvi
1125 2084 1300 2151 posse
1324 2110 1343 2142 ‚
1370 2062 1570 2127 donec
1610 2062 1688 2126 ad
1715 2079 1886 2128 notas
1925 2063 2196 2127 maxime
2218 2061 2357 2127 sim·

588 2147 783 2234 plices
808 2146 1228 2233 perveniatur.
1263 2145 1409 2211 Haec
1445 2149 1665 2211 animae
1708 2148 2026 2236 operatio,
2061 2170 2188 2237 qua
2230 2149 2355 2213 ob-

591 2236 821 2316 jectum
864 2229 1126 2320 aliquod
1169 2233 1238 2295 in
1277 2250 1455 2296 notas
1493 2257 1629 2297 suas
1666 2231 1999 2317 dividitur,
2038 2232 2260 2319 haeque
2286 2233 2356 2297 in

591 2316 918 2390 ulteriores
944 2365 964 2401 ‚
1004 2317 1202 2383 donec
1244 2319 1321 2381 ad
1368 2335 1540 2382 notas
1575 2320 1842 2383 maxime
1872 2319 2180 2404 simplices
2205 2343 2354 2407 per-

592 2405 877 2468 veniatur
898 2451 919 2488 ,
944 2402 1240 2468 idearum
1277 2403 1565 2491 analysis
1591 2428 1623 2466 a
1648 2403 2042 2490 Philosophis
2063 2423 2353 2490 vocatur,

588 2484 729 2577 quae
769 2505 840 2554 ut
884 2511 1033 2556 cum
1080 2489 1291 2556 fructu
1332 2489 1440 2556 fiat
1461 2535 1483 2574 ,
1528 2505 1822 2554 notentur
1863 2507 2191 2576 sequentes
2347 2498 2353 2503 ’

559 2773 567 2783 ,
627 2699 844 2797 Leges
868 2698 957 2772 (le
977 2701 1375 2779 formandis
1403 2703 1580 2775 ideis
1601 2703 1902 2779 clariset
1935 2664 2304 2780 distinctis.

1247 3102 1385 3152 LEX
1425 3104 1674 3155 PRIMA.

664 3271 797 3338 Nec
832 3272 1018 3361 plura
1055 3272 1288 3357 obiecta
1317 3322 1337 3359 ,
1386 3299 1505 3343 nec
1548 3281 1762 3367 plures
1791 3283 2072 3365 ejusdem
2118 3277 2343 3359 objecti

580 3373 741 3420 notae
782 3374 926 3422 sunt
965 3359 1149 3424 simul
1201 3363 1734 3452 contemplandae,
1789 3368 2128 3432 secuudum
2170 3370 2343 3428 vetus

583 3439 744 3505 illud
789 3462 806 3506 τ
855 3442 1167 3511 Pluribus
1220 3446 1508 3517 intentus
1561 3450 1779 3517 minor
1811 3462 1907 3515 eat
1946 3452 2038 3517 ad
2077 3447 2344 3537 ‹sing-ula

473 3556 476 3561 ’
573 3549 817 3593 &mm
