<?xml version="1.0" encoding="UTF-8"?>
<!DOCTYPE html PUBLIC "-//W3C//DTD XHTML 1.0 Transitional//EN"
    "http://www.w3.org/TR/xhtml1/DTD/xhtml1-transitional.dtd">
<html xmlns="http://www.w3.org/1999/xhtml" xml:lang="en" lang="en">
 <head>
  <title>
</title>
<meta http-equiv="Content-Type" content="text/html;charset=utf-8" />
  <meta name='ocr-system' content='tesseract 3.04.00' />
  <meta name='ocr-capabilities' content='ocr_page ocr_carea ocr_par ocr_line ocrx_word'/>
</head>
<body>
  <div class='ocr_page' id='page_1' title='image "./tractatusdelogi00unkngoog_0059.png"; bbox 0 0 2707 4611; ppageno 0'>
   <div class='ocr_carea' id='block_1_1' title="bbox 988 292 2072 379">
    <p class='ocr_par' dir='ltr' id='par_1_1' title="bbox 988 292 2072 379">
     <span class='ocr_line' id='line_1_1' title="bbox 988 292 2072 379; baseline 0.002 -22"><span class='ocrx_word' id='word_1_1' title='bbox 988 293 1065 357; x_wconf 81' lang='lat' dir='ltr'><strong>de</strong></span> <span class='ocrx_word' id='word_1_2' title='bbox 1110 292 1384 379; x_wconf 75' lang='lat' dir='ltr'><strong>Logica.</strong></span> <span class='ocrx_word' id='word_1_3' title='bbox 1565 326 1571 338; x_wconf 77' lang='lat'><strong>..</strong></span> <span class='ocrx_word' id='word_1_4' title='bbox 1993 294 2072 359; x_wconf 70' lang='lat'><strong>51</strong></span> 
     </span>
    </p>
   </div>
   <div class='ocr_carea' id='block_1_2' title="bbox 406 410 2077 503">
    <p class='ocr_par' dir='ltr' id='par_1_2' title="bbox 406 410 2077 503">
     <span class='ocr_line' id='line_1_2' title="bbox 406 410 2077 503; baseline -0.003 -23"><span class='ocrx_word' id='word_1_5' title='bbox 406 413 547 503; x_wconf 76' lang='lat'><strong>157.</strong></span> <span class='ocrx_word' id='word_1_6' title='bbox 572 412 844 501; x_wconf 85' lang='lat' dir='ltr'>Quando</span> <span class='ocrx_word' id='word_1_7' title='bbox 879 413 1033 496; x_wconf 84' lang='lat' dir='ltr'><strong>duas</strong></span> <span class='ocrx_word' id='word_1_8' title='bbox 1065 414 1227 477; x_wconf 84' lang='lat' dir='ltr'><strong>ideas</strong></span> <span class='ocrx_word' id='word_1_9' title='bbox 1261 437 1409 478; x_wconf 88' lang='lat' dir='ltr'><strong>cum</strong></span> <span class='ocrx_word' id='word_1_10' title='bbox 1438 412 1619 478; x_wconf 86' lang='lat' dir='ltr'><strong>tertia</strong></span> <span class='ocrx_word' id='word_1_11' title='bbox 1651 410 2031 477; x_wconf 85' lang='lat' dir='ltr'><strong>conferimus</strong></span> <span class='ocrx_word' id='word_1_12' title='bbox 2054 459 2077 496; x_wconf 85' lang='lat'>‚</span> 
     </span>
    </p>
   </div>
   <div class='ocr_carea' id='block_1_3' title="bbox 316 493 2217 585">
    <p class='ocr_par' dir='ltr' id='par_1_3' title="bbox 316 493 2217 585">
     <span class='ocr_line' id='line_1_3' title="bbox 316 493 2217 585; baseline -0.005 -19"><span class='ocrx_word' id='word_1_13' title='bbox 316 518 471 566; x_wconf 85' lang='lat' dir='ltr'><strong>tuno</strong></span> <span class='ocrx_word' id='word_1_14' title='bbox 494 499 588 565; x_wconf 81' lang='lat' dir='ltr'><strong>vel</strong></span> <span class='ocrx_word' id='word_1_15' title='bbox 608 516 872 585; x_wconf 80' lang='lat' dir='ltr'><strong>utraque</strong></span> <span class='ocrx_word' id='word_1_16' title='bbox 924 522 1069 561; x_wconf 88' lang='lat' dir='ltr'><strong>cum</strong></span> <span class='ocrx_word' id='word_1_17' title='bbox 1107 498 1307 562; x_wconf 86' lang='lat' dir='ltr'><strong>media</strong></span> <span class='ocrx_word' id='word_1_18' title='bbox 1356 498 1643 563; x_wconf 86' lang='lat' dir='ltr'><strong>convenit</strong></span> <span class='ocrx_word' id='word_1_19' title='bbox 1667 515 1689 579; x_wconf 68' lang='lat'><strong>,&#39;</strong></span> <span class='ocrx_word' id='word_1_20' title='bbox 1731 495 1823 560; x_wconf 87' lang='lat' dir='ltr'><strong>vel</strong></span> <span class='ocrx_word' id='word_1_21' title='bbox 1866 496 2067 560; x_wconf 81' lang='lat' dir='ltr'><strong>alter-</strong></span> <span class='ocrx_word' id='word_1_22' title='bbox 2158 539 2171 542; x_wconf 34' lang='grc' dir='ltr'><em>ψ</em></span> <span class='ocrx_word' id='word_1_23' title='bbox 2214 493 2217 498; x_wconf 79' lang='grc'><strong>’</strong></span> 
     </span>
    </p>
   </div>
   <div class='ocr_carea' id='block_1_4' title="bbox 297 580 2082 1186">
    <p class='ocr_par' dir='ltr' id='par_1_4' title="bbox 297 580 2082 1186">
     <span class='ocr_line' id='line_1_4' title="bbox 316 580 2075 664; baseline -0.005 -14"><span class='ocrx_word' id='word_1_24' title='bbox 316 601 461 650; x_wconf 87' lang='lat' dir='ltr'><strong>utra</strong></span> <span class='ocrx_word' id='word_1_25' title='bbox 500 600 734 648; x_wconf 85' lang='lat' dir='ltr'><strong>tantum</strong></span> <span class='ocrx_word' id='word_1_26' title='bbox 764 631 783 664; x_wconf 83' lang='lat'>‚</span> <span class='ocrx_word' id='word_1_27' title='bbox 830 581 924 645; x_wconf 81' lang='lat' dir='ltr'><strong>vel</strong></span> <span class='ocrx_word' id='word_1_28' title='bbox 960 599 1197 645; x_wconf 80' lang='lat' dir='ltr'><strong>neutra.</strong></span> <span class='ocrx_word' id='word_1_29' title='bbox 1250 582 1467 646; x_wconf 86' lang='lat' dir='ltr'>Primo</span> <span class='ocrx_word' id='word_1_30' title='bbox 1507 606 1653 646; x_wconf 85' lang='lat' dir='ltr'><strong>casu</strong></span> <span class='ocrx_word' id='word_1_31' title='bbox 1684 580 2075 644; x_wconf 84' lang='lat' dir='ltr'><strong>concluden-</strong></span> 
     </span>
     <span class='ocr_line' id='line_1_5' title="bbox 297 664 2076 754; baseline -0.004 -19"><span class='ocrx_word' id='word_1_32' title='bbox 297 669 475 735; x_wconf 79' lang='lat' dir='ltr'><strong>‘dum</strong></span> <span class='ocrx_word' id='word_1_33' title='bbox 498 686 584 732; x_wconf 81' lang='lat' dir='ltr'><strong>est</strong></span> <span class='ocrx_word' id='word_1_34' title='bbox 602 692 697 731; x_wconf 83' lang='lat' dir='ltr'><strong>eas</strong></span> <span class='ocrx_word' id='word_1_35' title='bbox 720 691 974 754; x_wconf 85' lang='lat' dir='ltr'><strong>quoque</strong></span> <span class='ocrx_word' id='word_1_36' title='bbox 992 668 1155 730; x_wconf 86' lang='lat' dir='ltr'><strong>inter</strong></span> <span class='ocrx_word' id='word_1_37' title='bbox 1178 689 1241 728; x_wconf 92' lang='lat' dir='ltr'><strong>se</strong></span> <span class='ocrx_word' id='word_1_38' title='bbox 1267 667 1634 749; x_wconf 83' lang='lat' dir='ltr'><strong>convenire3</strong></span> <span class='ocrx_word' id='word_1_39' title='bbox 1665 666 1733 728; x_wconf 85' lang='lat' dir='ltr'><strong>in</strong></span> <span class='ocrx_word' id='word_1_40' title='bbox 1758 664 2033 729; x_wconf 87' lang='lat' dir='ltr'><strong>secundo</strong></span> <span class='ocrx_word' id='word_1_41' title='bbox 2053 709 2076 748; x_wconf 86' lang='lat'>‚</span> 
     </span>
     <span class='ocr_line' id='line_1_6' title="bbox 318 747 2082 842; baseline -0.005 -24"><span class='ocrx_word' id='word_1_42' title='bbox 318 752 828 842; x_wconf 82' lang='lat' dir='ltr'><strong>concludendum</strong></span> <span class='ocrx_word' id='word_1_43' title='bbox 870 770 958 817; x_wconf 89' lang='lat' dir='ltr'><strong>est</strong></span> <span class='ocrx_word' id='word_1_44' title='bbox 997 775 1094 815; x_wconf 84' lang='lat' dir='ltr'><strong>eas</strong></span> <span class='ocrx_word' id='word_1_45' title='bbox 1134 751 1293 813; x_wconf 84' lang='lat' dir='ltr'><strong>inter</strong></span> <span class='ocrx_word' id='word_1_46' title='bbox 1335 773 1398 813; x_wconf 93' lang='lat' dir='ltr'><strong>se</strong></span> <span class='ocrx_word' id='word_1_47' title='bbox 1436 775 1567 814; x_wconf 90' lang='lat' dir='ltr'><strong>non</strong></span> <span class='ocrx_word' id='word_1_48' title='bbox 1605 752 1975 833; x_wconf 82' lang='lat' dir='ltr'><strong>convenire3</strong></span> <span class='ocrx_word' id='word_1_49' title='bbox 2009 747 2082 811; x_wconf 78' lang='lat' dir='ltr'><strong>in</strong></span> 
     </span>
     <span class='ocr_line' id='line_1_7' title="bbox 315 832 2077 919; baseline -0.006 -15"><span class='ocrx_word' id='word_1_50' title='bbox 315 840 506 904; x_wconf 86' lang='lat' dir='ltr'><strong>tertio</strong></span> <span class='ocrx_word' id='word_1_51' title='bbox 547 860 690 902; x_wconf 82' lang='lat' dir='ltr'><strong>vero</strong></span> <span class='ocrx_word' id='word_1_52' title='bbox 742 860 925 918; x_wconf 79' lang='lat' dir='ltr'><strong>casu,</strong></span> <span class='ocrx_word' id='word_1_53' title='bbox 973 836 1131 899; x_wconf 91' lang='lat' dir='ltr'><strong>nihil</strong></span> <span class='ocrx_word' id='word_1_54' title='bbox 1178 832 1469 898; x_wconf 81' lang='lat' dir='ltr'><strong>concludi</strong></span> <span class='ocrx_word' id='word_1_55' title='bbox 1508 851 1724 919; x_wconf 86' lang='lat' dir='ltr'><strong>potest.</strong></span> <span class='ocrx_word' id='word_1_56' title='bbox 1778 834 1925 896; x_wconf 81' lang='lat' dir='ltr'><strong>Haec</strong></span> <span class='ocrx_word' id='word_1_57' title='bbox 1967 832 2077 895; x_wconf 86' lang='lat' dir='ltr'><strong>ni-</strong></span> 
     </span>
     <span class='ocr_line' id='line_1_8' title="bbox 315 916 2076 1010; baseline -0.004 -23"><span class='ocrx_word' id='word_1_58' title='bbox 315 940 548 989; x_wconf 51' lang='lat' dir='ltr'><strong>tuntur¹</strong></span> <span class='ocrx_word' id='word_1_59' title='bbox 582 922 1106 1010; x_wconf 72' lang='lat' dir='ltr'>propositionibus</span> <span class='ocrx_word' id='word_1_60' title='bbox 1149 938 1275 983; x_wconf 85' lang='lat' dir='ltr'><strong>tam</strong></span> <span class='ocrx_word' id='word_1_61' title='bbox 1319 917 1543 999; x_wconf 84' lang='lat' dir='ltr'><strong>claris,</strong></span> <span class='ocrx_word' id='word_1_62' title='bbox 1590 934 1665 981; x_wconf 89' lang='lat' dir='ltr'><strong>ut</strong></span> <span class='ocrx_word' id='word_1_63' title='bbox 1706 940 1929 998; x_wconf 73' lang='lat' dir='ltr'><strong>neum,</strong></span> <span class='ocrx_word' id='word_1_64' title='bbox 1963 916 2076 1002; x_wconf 87' lang='lat' dir='ltr'><strong>qui</strong></span> 
     </span>
     <span class='ocr_line' id='line_1_9' title="bbox 316 1000 2073 1084; baseline -0.005 -11"><span class='ocrx_word' id='word_1_65' title='bbox 316 1010 617 1073; x_wconf 85' lang='lat' dir='ltr'><strong>terminos</strong></span> <span class='ocrx_word' id='word_1_66' title='bbox 652 1018 896 1072; x_wconf 70' lang='lat' dir='ltr'><strong>tantum</strong></span> <span class='ocrx_word' id='word_1_67' title='bbox 931 1005 1265 1084; x_wconf 73' lang='lat' dir='ltr'><strong>intelligit,</strong></span> <span class='ocrx_word' id='word_1_68' title='bbox 1306 1025 1407 1065; x_wconf 83' lang='lat' dir='ltr'><strong>eas</strong></span> <span class='ocrx_word' id='word_1_69' title='bbox 1445 1001 1513 1064; x_wconf 89' lang='lat' dir='ltr'><strong>in</strong></span> <span class='ocrx_word' id='word_1_70' title='bbox 1549 1000 1817 1066; x_wconf 85' lang='lat' dir='ltr'><strong>dubium</strong></span> <span class='ocrx_word' id='word_1_71' title='bbox 1856 1024 2073 1074; x_wconf 74' lang='lat' dir='ltr'><strong>vocare</strong></span> 
     </span>
     <span class='ocr_line' id='line_1_10' title="bbox 314 1086 2031 1186; baseline -0.011 -25"><span class='ocrx_word' id='word_1_72' title='bbox 314 1094 507 1186; x_wconf 72' lang='lat' dir='ltr'><strong>possit</strong></span> <span class='ocrx_word' id='word_1_73' title='bbox 526 1141 549 1178; x_wconf 81' lang='lat'>‚</span> <span class='ocrx_word' id='word_1_74' title='bbox 584 1099 857 1181; x_wconf 84' lang='lat' dir='ltr'>suntque</span> <span class='ocrx_word' id='word_1_75' title='bbox 898 1108 1223 1179; x_wconf 75' lang='lat' dir='ltr'><strong>sequentes</strong></span> <span class='ocrx_word' id='word_1_76' title='bbox 1269 1108 1285 1152; x_wconf 89' lang='lat'>:</span> <span class='ocrx_word' id='word_1_77' title='bbox 1837 1092 1841 1095; x_wconf 77' lang='grc'><strong><em>’</em></strong></span> <span class='ocrx_word' id='word_1_78' title='bbox 2020 1086 2031 1099; x_wconf 85' lang='grc'><strong>”</strong></span> 
     </span>
    </p>
   </div>
   <div class='ocr_carea' id='block_1_5' title="bbox 1095 1303 1322 1356">
    <p class='ocr_par' dir='ltr' id='par_1_5' title="bbox 1095 1303 1322 1356">
     <span class='ocr_line' id='line_1_11' title="bbox 1095 1303 1322 1356; baseline 0.004 -3"><span class='ocrx_word' id='word_1_79' title='bbox 1095 1303 1322 1356; x_wconf 76' lang='lat' dir='ltr'><strong>PRIMA.</strong></span> 
     </span>
    </p>
   </div>
   <div class='ocr_carea' id='block_1_6' title="bbox 326 1466 2081 1629">
    <p class='ocr_par' dir='ltr' id='par_1_6' title="bbox 326 1466 2081 1629">
     <span class='ocr_line' id='line_1_12' title="bbox 408 1466 2081 1578; baseline -0.007 -33"><span class='ocrx_word' id='word_1_80' title='bbox 408 1481 475 1545; x_wconf 85' lang='lat' dir='ltr'><strong>si</strong></span> <span class='ocrx_word' id='word_1_81' title='bbox 504 1480 632 1544; x_wconf 90' lang='lat' dir='ltr'><strong>duo</strong></span> <span class='ocrx_word' id='word_1_82' title='bbox 658 1478 1033 1578; x_wconf 52' lang='lat' dir='ltr'><strong>conveniant</strong></span> <span class='ocrx_word' id='word_1_83' title='bbox 1055 1474 1253 1540; x_wconf 88' lang='lat' dir='ltr'><strong>eidem</strong></span> <span class='ocrx_word' id='word_1_84' title='bbox 1280 1471 1464 1538; x_wconf 85' lang='lat' dir='ltr'><strong>tertio</strong></span> <span class='ocrx_word' id='word_1_85' title='bbox 1484 1517 1505 1556; x_wconf 83' lang='lat'><strong>,</strong></span> <span class='ocrx_word' id='word_1_86' title='bbox 1536 1493 1605 1536; x_wconf 89' lang='lat' dir='ltr'><strong>ea</strong></span> <span class='ocrx_word' id='word_1_87' title='bbox 1635 1487 1894 1558; x_wconf 83' lang='lat' dir='ltr'><strong>quoque</strong></span> <span class='ocrx_word' id='word_1_88' title='bbox 1919 1466 2081 1535; x_wconf 79' lang='lat' dir='ltr'><strong>inter</strong></span> 
     </span>
     <span class='ocr_line' id='line_1_13' title="bbox 326 1577 1140 1629; baseline -0.007 -2"><span class='ocrx_word' id='word_1_89' title='bbox 326 1587 391 1629; x_wconf 87' lang='lat' dir='ltr'><strong>se</strong></span> <span class='ocrx_word' id='word_1_90' title='bbox 434 1577 836 1629; x_wconf 83' lang='lat' dir='ltr'><strong>convemunt.</strong></span> <span class='ocrx_word' id='word_1_91' title='bbox 1137 1595 1140 1598; x_wconf 96' lang='lat'>-</span> 
     </span>
    </p>
   </div>
   <div class='ocr_carea' id='block_1_7' title="bbox 1050 1731 1360 1783">
    <p class='ocr_par' dir='ltr' id='par_1_7' title="bbox 1050 1731 1360 1783">
     <span class='ocr_line' id='line_1_14' title="bbox 1050 1731 1360 1783; baseline -0.013 -1"><span class='ocrx_word' id='word_1_92' title='bbox 1050 1731 1360 1783; x_wconf 80' lang='lat' dir='ltr'><strong>SECUNDA.</strong></span> 
     </span>
    </p>
   </div>
   <div class='ocr_carea' id='block_1_8' title="bbox 321 1896 2086 2084">
    <p class='ocr_par' dir='ltr' id='par_1_8' title="bbox 321 1896 2086 2084">
     <span class='ocr_line' id='line_1_15' title="bbox 407 1896 2086 1988; baseline -0.012 -9"><span class='ocrx_word' id='word_1_93' title='bbox 407 1913 473 1980; x_wconf 84' lang='lat' dir='ltr'><strong>Si</strong></span> <span class='ocrx_word' id='word_1_94' title='bbox 500 1936 579 1978; x_wconf 85' lang='lat' dir='ltr'><strong>ex</strong></span> <span class='ocrx_word' id='word_1_95' title='bbox 605 1912 851 1988; x_wconf 86' lang='lat' dir='ltr'><strong>duobus</strong></span> <span class='ocrx_word' id='word_1_96' title='bbox 875 1903 1075 1978; x_wconf 85' lang='lat' dir='ltr'><strong>unum</strong></span> <span class='ocrx_word' id='word_1_97' title='bbox 1099 1909 1424 1978; x_wconf 82' lang='lat' dir='ltr'><strong>conveniat</strong></span> <span class='ocrx_word' id='word_1_98' title='bbox 1449 1931 1592 1973; x_wconf 90' lang='lat' dir='ltr'><strong>cum</strong></span> <span class='ocrx_word' id='word_1_99' title='bbox 1632 1902 1812 1967; x_wconf 81' lang='lat' dir='ltr'><strong>tertio</strong></span> <span class='ocrx_word' id='word_1_100' title='bbox 1841 1916 1902 1965; x_wconf 90' lang='lat' dir='ltr'><strong>et</strong></span> <span class='ocrx_word' id='word_1_101' title='bbox 1925 1896 2086 1965; x_wconf 79' lang='lat' dir='ltr'><strong>alte-</strong></span> 
     </span>
     <span class='ocr_line' id='line_1_16' title="bbox 321 1993 1757 2084; baseline -0.01 -16"><span class='ocrx_word' id='word_1_102' title='bbox 321 2024 467 2069; x_wconf 80' lang='lat' dir='ltr'><strong>rum</strong></span> <span class='ocrx_word' id='word_1_103' title='bbox 509 2022 677 2084; x_wconf 81' lang='lat' dir='ltr'><strong>non,</strong></span> <span class='ocrx_word' id='word_1_104' title='bbox 716 2022 785 2064; x_wconf 82' lang='lat' dir='ltr'><strong>ea</strong></span> <span class='ocrx_word' id='word_1_105' title='bbox 822 2001 988 2064; x_wconf 86' lang='lat' dir='ltr'><strong>inter</strong></span> <span class='ocrx_word' id='word_1_106' title='bbox 1021 2022 1083 2063; x_wconf 91' lang='lat' dir='ltr'><strong>se</strong></span> <span class='ocrx_word' id='word_1_107' title='bbox 1126 2021 1258 2062; x_wconf 85' lang='lat' dir='ltr'><strong>non</strong></span> <span class='ocrx_word' id='word_1_108' title='bbox 1297 1993 1698 2062; x_wconf 65' lang='lat' dir='ltr'><strong>conveniunt.⁸</strong></span> <span class='ocrx_word' id='word_1_109' title='bbox 1753 2068 1757 2071; x_wconf 10' lang='lat' dir='ltr'>y</span> 
     </span>
    </p>
   </div>
   <div class='ocr_carea' id='block_1_9' title="bbox 1087 2186 1364 2247">
    <p class='ocr_par' dir='ltr' id='par_1_9' title="bbox 1087 2186 1364 2247">
     <span class='ocr_line' id='line_1_17' title="bbox 1087 2186 1364 2247; baseline 0.004 -16"><span class='ocrx_word' id='word_1_110' title='bbox 1087 2186 1364 2247; x_wconf 31' lang='lat' dir='ltr'>TERTIA&amp;</span> 
     </span>
    </p>
   </div>
   <div class='ocr_carea' id='block_1_10' title="bbox 326 2329 2089 2516">
    <p class='ocr_par' dir='ltr' id='par_1_10' title="bbox 326 2329 2089 2516">
     <span class='ocr_line' id='line_1_18' title="bbox 434 2329 2089 2415; baseline -0.007 -9"><span class='ocrx_word' id='word_1_111' title='bbox 434 2342 503 2409; x_wconf 88' lang='lat' dir='ltr'><strong>Si</strong></span> <span class='ocrx_word' id='word_1_112' title='bbox 558 2364 637 2406; x_wconf 82' lang='lat' dir='ltr'><strong>ex</strong></span> <span class='ocrx_word' id='word_1_113' title='bbox 683 2340 931 2403; x_wconf 89' lang='lat' dir='ltr'><strong>duobus</strong></span> <span class='ocrx_word' id='word_1_114' title='bbox 984 2354 1283 2401; x_wconf 83' lang='lat' dir='ltr'><strong>neutrum</strong></span> <span class='ocrx_word' id='word_1_115' title='bbox 1338 2336 1664 2399; x_wconf 67' lang='lat' dir='ltr'><strong>oonveniat</strong></span> <span class='ocrx_word' id='word_1_116' title='bbox 1714 2353 1862 2401; x_wconf 81' lang='lat' dir='ltr'><strong>eum</strong></span> <span class='ocrx_word' id='word_1_117' title='bbox 1880 2329 2089 2415; x_wconf 77' lang='lat' dir='ltr'><strong>tertie,</strong></span> 
     </span>
     <span class='ocr_line' id='line_1_19' title="bbox 326 2411 2085 2516; baseline -0.011 -22"><span class='ocrx_word' id='word_1_118' title='bbox 326 2442 592 2516; x_wconf 80' lang='lat' dir='ltr'>possunt</span> <span class='ocrx_word' id='word_1_119' title='bbox 628 2447 698 2490; x_wconf 86' lang='lat' dir='ltr'><strong>ea</strong></span> <span class='ocrx_word' id='word_1_120' title='bbox 733 2421 1068 2489; x_wconf 74' lang='lat' dir='ltr'><strong>con-venire</strong></span> <span class='ocrx_word' id='word_1_121' title='bbox 1102 2421 1264 2483; x_wconf 66' lang='lat' dir='ltr'><strong>intes</strong></span> <span class='ocrx_word' id='word_1_122' title='bbox 1298 2441 1362 2482; x_wconf 92' lang='lat' dir='ltr'><strong>se</strong></span> <span class='ocrx_word' id='word_1_123' title='bbox 1393 2419 1492 2491; x_wconf 67' lang='lat' dir='ltr'><strong>vel</strong></span> <span class='ocrx_word' id='word_1_124' title='bbox 1524 2440 1691 2486; x_wconf 56' lang='lat' dir='ltr'><strong>non..</strong></span> <span class='ocrx_word' id='word_1_125' title='bbox 1920 2430 1921 2433; x_wconf 74' lang='grc'>’</span> <span class='ocrx_word' id='word_1_126' title='bbox 2083 2411 2085 2415; x_wconf 66' lang='grc'>’</span> 
     </span>
    </p>
   </div>
   <div class='ocr_carea' id='block_1_11' title="bbox 321 2566 2095 2962">
    <p class='ocr_par' dir='ltr' id='par_1_11' title="bbox 321 2566 2095 2962">
     <span class='ocr_line' id='line_1_20' title="bbox 404 2566 2092 2647; baseline -0.014 -3"><span class='ocrx_word' id='word_1_127' title='bbox 404 2584 525 2645; x_wconf 86' lang='lat'>158.</span> <span class='ocrx_word' id='word_1_128' title='bbox 548 2585 856 2645; x_wconf 67' lang='lat' dir='ltr'><strong>Senomon.</strong></span> <span class='ocrx_word' id='word_1_129' title='bbox 892 2577 1123 2636; x_wconf 84' lang='lat' dir='ltr'><strong>Utimur</strong></span> <span class='ocrx_word' id='word_1_130' title='bbox 1154 2575 1429 2635; x_wconf 83' lang='lat' dir='ltr'><strong>vocabulo</strong></span> <span class='ocrx_word' id='word_1_131' title='bbox 1469 2570 1823 2629; x_wconf 79' lang='lat' dir='ltr'><strong>conveniunt</strong></span> <span class='ocrx_word' id='word_1_132' title='bbox 1843 2566 1904 2622; x_wconf 87' lang='lat' dir='ltr'><strong>in</strong></span> <span class='ocrx_word' id='word_1_133' title='bbox 1927 2581 2092 2647; x_wconf 80' lang='lat' dir='ltr'><strong>sensu</strong></span> 
     </span>
     <span class='ocr_line' id='line_1_21' title="bbox 321 2639 2095 2733; baseline -0.017 -11"><span class='ocrx_word' id='word_1_134' title='bbox 321 2662 591 2722; x_wconf 79' lang='lat' dir='ltr'><strong>latissimo</strong></span> <span class='ocrx_word' id='word_1_135' title='bbox 608 2705 625 2733; x_wconf 91' lang='lat'><strong><em>,</em></strong></span> <span class='ocrx_word' id='word_1_136' title='bbox 658 2664 736 2717; x_wconf 88' lang='lat' dir='ltr'><strong>ita</strong></span> <span class='ocrx_word' id='word_1_137' title='bbox 763 2666 830 2714; x_wconf 73' lang='lat' dir='ltr'><strong>ut</strong></span> <span class='ocrx_word' id='word_1_138' title='bbox 856 2653 1207 2730; x_wconf 76' lang='lat' dir='ltr'><strong>intelligatur</strong></span> <span class='ocrx_word' id='word_1_139' title='bbox 1241 2651 1666 2728; x_wconf 86' lang='lat' dir='ltr'><strong>qualiscumque</strong></span> <span class='ocrx_word' id='word_1_140' title='bbox 1689 2639 2095 2722; x_wconf 59' lang='lat' dir='ltr'><strong>convenientsae</strong></span> 
     </span>
     <span class='ocr_line' id='line_1_22' title="bbox 324 2715 2093 2814; baseline -0.018 -16"><span class='ocrx_word' id='word_1_141' title='bbox 324 2740 553 2814; x_wconf 83' lang='lat' dir='ltr'><strong>species.</strong></span> <span class='ocrx_word' id='word_1_142' title='bbox 597 2737 805 2795; x_wconf 86' lang='lat' dir='ltr'><strong>Sensus</strong></span> <span class='ocrx_word' id='word_1_143' title='bbox 838 2732 1074 2807; x_wconf 82' lang='lat' dir='ltr'><strong>proinde</strong></span> <span class='ocrx_word' id='word_1_144' title='bbox 1111 2741 1193 2787; x_wconf 89' lang='lat' dir='ltr'><strong>est</strong></span> <span class='ocrx_word' id='word_1_145' title='bbox 1231 2751 1243 2784; x_wconf 73' lang='grc' dir='ltr'><strong><em>ε</em></strong></span> <span class='ocrx_word' id='word_1_146' title='bbox 1282 2742 1643 2802; x_wconf 87' lang='lat' dir='ltr'><strong>quocumque</strong></span> <span class='ocrx_word' id='word_1_147' title='bbox 1677 2718 1837 2775; x_wconf 85' lang='lat' dir='ltr'><strong>modo</strong></span> <span class='ocrx_word' id='word_1_148' title='bbox 1873 2715 1985 2798; x_wconf 80' lang='lat' dir='ltr'><strong>duo</strong></span> <span class='ocrx_word' id='word_1_149' title='bbox 2005 2731 2093 2797; x_wconf 74' lang='lat' dir='ltr'><strong>ex-</strong></span> 
     </span>
     <span class='ocr_line' id='line_1_23' title="bbox 326 2788 2094 2877; baseline -0.019 -3"><span class='ocrx_word' id='word_1_150' title='bbox 326 2817 454 2873; x_wconf 75' lang='lat' dir='ltr'><strong>dem</strong></span> <span class='ocrx_word' id='word_1_151' title='bbox 472 2813 637 2873; x_wconf 86' lang='lat' dir='ltr'><strong>tertio</strong></span> <span class='ocrx_word' id='word_1_152' title='bbox 656 2809 1003 2870; x_wconf 84' lang='lat' dir='ltr'><strong>conveniunt</strong></span> <span class='ocrx_word' id='word_1_153' title='bbox 1018 2851 1033 2877; x_wconf 91' lang='lat'>,</span> <span class='ocrx_word' id='word_1_154' title='bbox 1056 2804 1308 2863; x_wconf 78' lang='lat' dir='ltr'><strong>sive-sint</strong></span> <span class='ocrx_word' id='word_1_155' title='bbox 1328 2804 1520 2860; x_wconf 84' lang='lat' dir='ltr'><strong>eadem</strong></span> <span class='ocrx_word' id='word_1_156' title='bbox 1546 2797 1759 2854; x_wconf 86' lang='lat' dir='ltr'><strong>ratione</strong></span> <span class='ocrx_word' id='word_1_157' title='bbox 1783 2788 2094 2875; x_wconf 74' lang='lat' dir='ltr'><strong>qualitatls,</strong></span> 
     </span>
     <span class='ocr_line' id='line_1_24' title="bbox 327 2869 2094 2962; baseline -0.015 -14"><span class='ocrx_word' id='word_1_158' title='bbox 327 2891 448 2950; x_wconf 82' lang='lat' dir='ltr'><strong>sive</strong></span> <span class='ocrx_word' id='word_1_159' title='bbox 478 2890 693 2946; x_wconf 83' lang='lat' dir='ltr'><strong>ratione</strong></span> <span class='ocrx_word' id='word_1_160' title='bbox 735 2881 1067 2962; x_wconf 81' lang='lat' dir='ltr'><strong>quantitatis</strong></span> <span class='ocrx_word' id='word_1_161' title='bbox 1083 2922 1107 2949; x_wconf 87' lang='lat'><em>,</em></span> <span class='ocrx_word' id='word_1_162' title='bbox 1145 2881 1337 2937; x_wconf 80' lang='lat' dir='ltr'><strong>eodem</strong></span> <span class='ocrx_word' id='word_1_163' title='bbox 1386 2893 1615 2953; x_wconf 81' lang='lat' dir='ltr'><strong>prorsus</strong></span> <span class='ocrx_word' id='word_1_164' title='bbox 1654 2869 1815 2929; x_wconf 91' lang='lat' dir='ltr'><strong>modo</strong></span> <span class='ocrx_word' id='word_1_165' title='bbox 1858 2876 2005 2928; x_wconf 80' lang='lat' dir='ltr'><strong>mter</strong></span> <span class='ocrx_word' id='word_1_166' title='bbox 2037 2882 2094 2922; x_wconf 79' lang='lat' dir='ltr'><strong>se</strong></span> 
     </span>
    </p>
   </div>
   <div class='ocr_carea' id='block_1_12' title="bbox 325 2965 691 3031">
    <p class='ocr_par' dir='ltr' id='par_1_12' title="bbox 325 2965 691 3031">
     <span class='ocr_line' id='line_1_25' title="bbox 325 2965 691 3031; baseline -0.019 -7"><span class='ocrx_word' id='word_1_167' title='bbox 325 2965 691 3031; x_wconf 75' lang='lat' dir='ltr'><strong>conveniunt.</strong></span> 
     </span>
    </p>
   </div>
   <div class='ocr_carea' id='block_1_13' title="bbox 326 3070 2135 3690">
    <p class='ocr_par' dir='ltr' id='par_1_13' title="bbox 326 3070 2135 3690">
     <span class='ocr_line' id='line_1_26' title="bbox 417 3070 2134 3175; baseline -0.017 -22"><span class='ocrx_word' id='word_1_168' title='bbox 417 3089 558 3175; x_wconf 87' lang='lat'>159.</span> <span class='ocrx_word' id='word_1_169' title='bbox 604 3083 916 3172; x_wconf 81' lang='lat' dir='ltr'>Quisquis</span> <span class='ocrx_word' id='word_1_170' title='bbox 976 3080 1332 3144; x_wconf 74' lang='lat' dir='ltr'><strong>doctrinam·</strong></span> <span class='ocrx_word' id='word_1_171' title='bbox 1376 3075 1453 3139; x_wconf 90' lang='lat' dir='ltr'><strong>de</strong></span> <span class='ocrx_word' id='word_1_172' title='bbox 1501 3070 1878 3138; x_wconf 73' lang='lat' dir='ltr'><strong>subalternis</strong></span> <span class='ocrx_word' id='word_1_173' title='bbox 1941 3087 2134 3149; x_wconf 78' lang='lat' dir='ltr'><strong>per-·</strong></span> 
     </span>
     <span class='ocr_line' id='line_1_27' title="bbox 326 3150 2135 3261; baseline -0.017 -19"><span class='ocrx_word' id='word_1_174' title='bbox 326 3189 597 3261; x_wconf 72' lang='lat' dir='ltr'><strong>spectem</strong></span> <span class='ocrx_word' id='word_1_175' title='bbox 618 3170 946 3248; x_wconf 83' lang='lat' dir='ltr'><strong>habuerit,</strong></span> <span class='ocrx_word' id='word_1_176' title='bbox 970 3165 1149 3228; x_wconf 85' lang='lat' dir='ltr'><strong>facile</strong></span> <span class='ocrx_word' id='word_1_177' title='bbox 1175 3179 1235 3227; x_wconf 86' lang='lat' dir='ltr'><strong>et</strong></span> <span class='ocrx_word' id='word_1_178' title='bbox 1256 3163 1488 3249; x_wconf 84' lang='lat' dir='ltr'><strong>absque</strong></span> <span class='ocrx_word' id='word_1_179' title='bbox 1523 3160 1668 3223; x_wconf 89' lang='lat' dir='ltr'><strong>ullis</strong></span> <span class='ocrx_word' id='word_1_180' title='bbox 1692 3156 1826 3217; x_wconf 85' lang='lat' dir='ltr'><strong>aliis</strong></span> <span class='ocrx_word' id='word_1_181' title='bbox 1854 3150 2098 3232; x_wconf 74' lang='lat' dir='ltr'><strong>legibus</strong></span> <span class='ocrx_word' id='word_1_182' title='bbox 2130 3158 2135 3163; x_wconf 87' lang='grc'><strong><em>’</em></strong></span> 
     </span>
     <span class='ocr_line' id='line_1_28' title="bbox 328 3235 2093 3344; baseline -0.015 -20"><span class='ocrx_word' id='word_1_183' title='bbox 328 3257 665 3344; x_wconf 79' lang='lat' dir='ltr'><strong>dijudicare</strong></span> <span class='ocrx_word' id='word_1_184' title='bbox 720 3253 947 3341; x_wconf 86' lang='lat' dir='ltr'><strong>poterit</strong></span> <span class='ocrx_word' id='word_1_185' title='bbox 990 3275 1071 3312; x_wconf 87' lang='lat' dir='ltr'><strong>an</strong></span> <span class='ocrx_word' id='word_1_186' title='bbox 1122 3268 1506 3331; x_wconf 89' lang='lat' dir='ltr'><strong>consequens</strong></span> <span class='ocrx_word' id='word_1_187' title='bbox 1562 3245 1629 3305; x_wconf 85' lang='lat' dir='ltr'><strong>in</strong></span> <span class='ocrx_word' id='word_1_188' title='bbox 1692 3235 2093 3307; x_wconf 83' lang='lat' dir='ltr'><strong>antecedente</strong></span> 
     </span>
     <span class='ocr_line' id='line_1_29' title="bbox 330 3325 2093 3418; baseline -0.016 -8"><span class='ocrx_word' id='word_1_189' title='bbox 330 3343 719 3410; x_wconf 84' lang='lat' dir='ltr'><strong>contineatur</strong></span> <span class='ocrx_word' id='word_1_190' title='bbox 772 3361 880 3401; x_wconf 91' lang='lat' dir='ltr'><strong>seu</strong></span> <span class='ocrx_word' id='word_1_191' title='bbox 914 3333 1269 3418; x_wconf 85' lang='lat' dir='ltr'><strong>legitimum</strong></span> <span class='ocrx_word' id='word_1_192' title='bbox 1304 3333 1417 3414; x_wconf 86' lang='lat' dir='ltr'><strong>sit,</strong></span> <span class='ocrx_word' id='word_1_193' title='bbox 1458 3346 1518 3394; x_wconf 91' lang='lat' dir='ltr'><strong>et</strong></span> <span class='ocrx_word' id='word_1_194' title='bbox 1557 3325 1986 3414; x_wconf 69' lang='lat' dir='ltr'><strong>syllogismus»,</strong></span> <span class='ocrx_word' id='word_1_195' title='bbox 2019 3334 2093 3382; x_wconf 80' lang='lat' dir='ltr'><strong>ut</strong></span> 
     </span>
     <span class='ocr_line' id='line_1_30' title="bbox 328 3412 2093 3509; baseline -0.015 -16"><span class='ocrx_word' id='word_1_196' title='bbox 328 3444 585 3509; x_wconf 66' lang='lat' dir='ltr'><strong>vocant,</strong></span> <span class='ocrx_word' id='word_1_197' title='bbox 631 3427 856 3501; x_wconf 64' lang='lat' dir='ltr'><strong>bonus‚</strong></span> <span class='ocrx_word' id='word_1_198' title='bbox 914 3420 1010 3486; x_wconf 88' lang='lat' dir='ltr'><strong>Ne</strong></span> <span class='ocrx_word' id='word_1_199' title='bbox 1051 3417 1209 3505; x_wconf 86' lang='lat' dir='ltr'><strong>quid</strong></span> <span class='ocrx_word' id='word_1_200' title='bbox 1253 3433 1460 3481; x_wconf 83' lang='lat' dir='ltr'><strong>tamen</strong></span> <span class='ocrx_word' id='word_1_201' title='bbox 1499 3412 1870 3476; x_wconf 79' lang='lat' dir='ltr'><strong>discentium</strong></span> <span class='ocrx_word' id='word_1_202' title='bbox 1909 3427 2093 3470; x_wconf 84' lang='lat' dir='ltr'>com-</span> 
     </span>
     <span class='ocr_line' id='line_1_31' title="bbox 330 3484 2093 3595; baseline -0.016 -17"><span class='ocrx_word' id='word_1_203' title='bbox 330 3511 521 3577; x_wconf 87' lang='lat' dir='ltr'><strong>modo</strong></span> <span class='ocrx_word' id='word_1_204' title='bbox 571 3510 726 3574; x_wconf 85' lang='lat' dir='ltr'><strong>desit</strong></span> <span class='ocrx_word' id='word_1_205' title='bbox 755 3554 776 3590; x_wconf 89' lang='lat'>‚</span> <span class='ocrx_word' id='word_1_206' title='bbox 843 3503 1198 3595; x_wconf 74' lang='lat' dir='ltr'><strong>praecipuas,</strong></span> <span class='ocrx_word' id='word_1_207' title='bbox 1233 3499 1716 3576; x_wconf 63' lang='lat' dir='ltr'><strong>dialecticorum</strong></span> <span class='ocrx_word' id='word_1_208' title='bbox 1758 3493 1923 3582; x_wconf 86' lang='lat' dir='ltr'><strong>leges</strong></span> <span class='ocrx_word' id='word_1_209' title='bbox 1985 3484 2093 3549; x_wconf 79' lang='lat' dir='ltr'><strong>hio</strong></span> 
     </span>
     <span class='ocr_line' id='line_1_32' title="bbox 328 3597 1064 3690; baseline -0.015 -26"><span class='ocrx_word' id='word_1_210' title='bbox 328 3597 759 3690; x_wconf 34' lang='lat' dir='ltr'><strong>adjungemus-k</strong></span> <span class='ocrx_word' id='word_1_211' title='bbox 870 3603 879 3609; x_wconf 81' lang='grc'><em>’</em></span> <span class='ocrx_word' id='word_1_212' title='bbox 1054 3597 1064 3604; x_wconf 85' lang='grc'><em>“</em></span> 
     </span>
    </p>
   </div>
  </div>
 </body>
</html>
