2707 4611
887 266 964 337 sle
1008 265 1283 361 logica·
1882 298 1961 365 97

290 406 365 474 Ἀ
390 406 741 495 posteriori
776 421 923 471 ver'o
947 454 967 490 ,
1007 431 1157 473 cum
1197 405 1505 495 principia
1539 430 1677 473 rem
1708 409 1965 479 demon-

210 498 520 559 strandam
565 509 1083 578 consequuntur3
1129 492 1333 580 qualis
1384 512 1473 559 est
1522 495 1964 563 demonstratio

211 579 542 644 existentias
582 578 699 641 Dei
737 599 817 641 ex
857 578 1048 642 rebus
1100 579 1341 642 creatis.

848 766 1349 842 co'n'oLLAnmm

292 974 432 1059 267.
476 970 673 1036 Causa
717 988 860 1034 ante
897 968 1191 1033 effectum
1216 1016 1237 1044 ,
1283 971 1627 1035 essentialia
1678 990 1820 1039 ante
1863 991 1969 1040 at·-

213 1057 484 1139 tributa,
528 1057 662 1129 haec
699 1072 839 1120 ante
880 1053 1127 1140 reliqua
1177 1077 1316 1139 quae
1367 1055 1457 1119 rei
1501 1056 1755 1132 insunt,
1804 1081 1969 1123 con-

210 1141 525 1227 cipiantur
547 1165 570 1226 3
621 1162 771 1221 ergo
810 1141 1015 1204 omnis
1052 1138 1500 1207 demonstratio.
1540 1164 1620 1205 ex
1660 1141 1757 1204 his
1789 1143 1969 1228 prin-

207 1226 386 1312 cipiis
435 1249 479 1288 a
523 1223 741 1310 priori
783 1242 1090 1307 vocatur3
1129 1224 1718 1299 demonstrationem
1760 1243 1972 1303 autem

205 1332 240 1373 a
281 1308 611 1395 posteriori
652 1309 946 1383 habebis,
982 1308 1031 1371 si
1066 1307 1144 1370 ab
1184 1306 1412 1373 effectu
1453 1307 1530 1371 ad
1563 1330 1840 1383 causam,
1872 1311 1970 1376 vel

207 1394 286 1454 ab
322 1391 639 1457 attributis
676 1392 755 1455 ad
784 1391 1121 1457 essentialia
1158 1394 1648 1474 argumenteris,
1691 1408 1752 1454 et
1792 1410 1971 1473 gene-

206 1475 392 1541 ratim
413 1476 658 1563 quoties
678 1500 792 1563 per
813 1476 1263 1562 experientiam
1286 1475 1529 1561 aliquid
1554 1476 1971 1561 demonstras3

209 1582 356 1626 nam
391 1560 775 1646 experientia
825 1562 1077 1634 nonnisi
1115 1560 1194 1640 de
1240 1560 1560 1631 effectibus
1594 1560 1796 1625 datur.

296 1729 441 1794 268.
490 1726 949 1801 Demonstratio
987 1728 1224 1793 dicitur
1255 1729 1505 1795 directa
1542 1752 1654 1802 seu
1701 1724 1973 1793 ostensi-⁶

211 1835 329 1886 να,
376 1813 533 1878 dum
570 1836 647 1877 ex
695 1813 828 1898 ipsa
858 1814 998 1877 idea
1032 1814 1292 1897 subjecti
1337 1814 1641 1881 evincitur
1672 1813 1979 1899 praedica-⁵

208 1913 346 1960 tum
393 1897 452 1960 ei
494 1898 829 1961 convenire
868 1897 968 1962 vel
1008 1916 1410 1983 repugnare3
1457 1915 1529 1962 ut
1566 1898 1619 1960 si
1657 1898 1745 1962 sic
1777 1921 1977 1981 argu-
2011 1902 2014 1905 ’

209 1982 539 2047 menteris:
569 1979 702 2049 Ens
739 1981 1160 2046 necessarium
1195 1992 1285 2053 est
1312 2000 1649 2066 aeternum3
1680 1982 1788 2057 sed
1807 1978 1977 2048 Deus

211 2084 300 2130 est
341 2089 449 2139 ens
492 2066 958 2143 necessarium:
1002 2089 1153 2150 ergo
1194 2068 1365 2133 Deus
1411 2084 1499 2143 est
1546 2083 1835 2157 aeternus.

325 2229 470 2314 269,
540 2226 1179 2308 ,Demonstrationem
1247 2233 1551 2295 directam
1618 2232 1985 2299 conditurus

217 2313 431 2402 primo
468 2312 759 2388 omnium
782 2313 989 2380 ideam
1011 2312 1362 2393 distinctam
1381 2359 1400 2392 ,
1437 2331 1497 2378 et
1524 2313 1784 2395 quidem
1804 2336 1983 2398 com-

214 2397 384 2485 plete
417 2395 769 2460 distinctam
801 2411 928 2460 tam
966 2393 1228 2476 subjecti
1265 2417 1461 2480 quam
1499 2395 1812 2480 praedicati
1836 2422 1983 2486 pro-

217 2481 545 2570 positionis
576 2477 1074 2543 demonstrandae
1103 2474 1316 2541 animo
1348 2478 1685 2560 informet,
1717 2505 1983 2571 eamque

216 2590 335 2656 per
372 2564 717 2648 legitimam
754 2562 1185 2633 definitionem
1239 2564 1565 2648 exprimat.
1628 2565 1799 2632 Tum
1833 2569 1983 2631 inde

219 2650 430 2716 eliciat
469 2650 778 2724 axiomata
817 2664 941 2712 aut·
958 2647 1276 2733 principia
1307 2647 1594 2735 alioquin
1634 2668 1881 2736 recepta
1923 2668 1986 2713 et

220 2735 300 2798 ad
330 2751 694 2819 praesentem
725 2732 1048 2798 materiam
1074 2733 1534 2797 accommodata
1558 2778 1578 2814 ,
1603 2734 1695 2796 uti
1734 2750 1796 2796 et
1830 2756 1987 2819 pro·-

224 2819 606 2909 positiones‚
650 2817 701 2881 si
745 2816 1120 2903 quibusdam
1163 2839 1322 2906 opus
1360 2832 1486 2899 est,
1529 2815 1652 2899 jam
1696 2816 1846 2881 alias
1871 2817 1986 2881 de-

225 2918 590 2983 monstratas
629 2902 930 2987 inquirat.
996 2899 1284 2982 Tandem
1326 2902 1457 2963 haec
1500 2900 1712 2984 omnia
1752 2901 1818 2964 in
1854 2900 1988 2989 syl—

222 2986 564 3070 logismum
582 2984 848 3066 ordinet.
886 2982 977 3048 Ita
1003 2982 1050 3046 si
1072 2979 1548 3056 demonstranda
1584 2985 1663 3050 sit
1682 2977 1817 3049 llaec
1845 3010 1986 3073 pro·-

228 3071 461 3159 positio
491 3089 508 3135 ε
554 3066 813 3152 Anima¹
850 3068 1146 3150 711⁴an
1187 3077 1284 3144 est
1319 3067 1855 3156 incorruptibilis,
1899 3072 1986 3138 sic

226 3145 646 3244 progredieris
678 3173 693 3216 τ

321 3319 515 3405 Quod
564 3317 785 3402 cogitat
823 3334 912 3383 est
962 3341 1070 3382 ens
1109 3316 1376 3404 simplex
1426 3319 1449 3406 (
1487 3321 1829 3406 propositio
1873 3321 1989 3387 de-

235 3404 638 3474 monstranda
664 3426 778 3472 suo
807 3401 945 3472 loco
967 3402 1034 3489 )³.'
1071 3402 1178 3470 sed
1217 3403 1423 3468 anima
1455 3403 1729 3469 humana
1767 3405 1992 3488 cogitat

234 3489 259 3577 (
287 3488 572 3555 definitio
606 3489 830 3557 animae
862 3487 1153 3558 humanae
1176 3486 1238 3574 ):
1288 3510 1449 3577 ergo·
1474 3488 1681 3556 anima
1715 3490 1990 3560 humana

1458 3569 1585 3640 G2
