2707 4611
634 169 763 273 1124
784 172 795 227 s
952 192 955 195 ’
1128 206 1129 209 ’
1196 210 1197 213 ’
1371 184 1712 281 Τναςίαίιω

717 317 1201 385 Demonstratur
1232 317 1498 379 secunda
1541 339 1705 409 pars.
1746 313 1835 380 Ut
1868 314 2079 404 eliqua
2116 319 2386 408 proposi-

638 405 732 472 tio
768 403 847 467 sit
883 399 1033 466 falsa
1059 446 1080 483 ‚
1119 421 1186 463 re
1234 398 1464 464 uiritur
1497 418 1557 464 et
1588 400 1817 464 sufficit
1851 418 1922 466 ut
1965 401 2225 488 aliquod
2265 408 2387 489 ejus

590 537 597 541 -
640 489 943 555 assertum
965 507 1095 549 non
1128 505 1202 547 su
1246 483 1413 548 sistat
1435 501 1624 570 prout
1649 484 1978 569 asseritur,
2005 486 2130 552 sive
2152 505 2228 553 ut
2242 513 2383 576 pro-

637 572 862 662 positio
898 570 1110 655 aliquo
1156 566 1344 633 modo
1385 569 1463 632 sit
1515 567 1812 633 deformis
1852 593 1966 634 suo
1992 570 2269 658 objecto;
2305 591 2387 639 at-

639 657 755 746 qui
799 653 1138 744 propositio
1172 675 1300 717 una
1332 668 1528 739 potest
1572 653 1639 716 in
1676 654 1967 740 pluribus
2014 663 2159 739 esse}
2182 657 2388 724 defor-

637 743 760 810 mis
802 763 915 807 suo
964 738 1203 822 objecto
1243 760 1438 822 quam
1476 736 1659 802 altera
1682 785 1703 822 ‚
1739 739 1863 802 hoc
1903 755 2025 823 est,
2062 746 2263 828 potest
2301 767 2387 808 as-

640 849 844 894 serere
874 824 1088 924 plures
1121 821 1414 886 falsitates
1456 844 1646 907 quam
1687 822 1877 886 altera
1920 845 1936 889 :
1973 847 2121 908 ergo
2148 843 2266 891 etc.
2290 828 2387 893 Sic

639 908 803 979 inter
843 909 1036 974 lineas
1081 929 1298 972 curvas
1349 930 1479 970 una
1524 923 1613 970 est
1669 908 1917 972 curvior
1967 909 2154 974 altera
2175 957 2197 993 ‚
2240 914 2387 999 quia

639 1019 768 1062 una
810 1017 994 1063 curva
1024 1006 1224 1079 potest
1251 989 1395 1077 plus
1432 990 1721 1056 recedere
1746 993 1825 1057 ab
1862 995 2221 1064 omnimoda
2255 1019 2391 1062 rec-

642 1081 910 1148 titudine
943 1099 1136 1163 quam
1179 1075 1390 1140 altera.

1335 1236 1652 1284 OBJECTIO
1673 1248 1684 1257 ”
1706 1239 1749 1283 1.

727 1361 871 1426 Una
902 1361 1240 1448 propositio
1275 1361 1485 1449 asserit
1518 1359 1732 1447 plures
1766 1364 2049 1432 veritates
2074 1389 2271 1455 quam
2301 1369 2395 1436 al-

648 1462 776 1512 tera
811 1468 828 1514 :
874 1468 1020 1530 ergo
1061 1469 1186 1510 una
1235 1463 1324 1509 est
1374 1446 1576 1510 verior
1623 1446 1839 1513 altera.

726 1572 916 1670 lffrob.
947 1570 1406 1670 consequentis.
1446 1571 1798 1657 Propositio
1854 1561 2087 1641 dicitur
2131 1600 2272 1642 vera
2317 1579 2397 1642 ob

644 1673 927 1721 veritates
981 1679 1134 1744 quas
1196 1671 1449 1739 asser1t3
1507 1658 1684 1742 atqui
1733 1659 1899 1724 inter
1947 1662 2398 1750 propositiones

645 1760 813 1805 veras
854 1760 982 1804 una
1038 1739 1247 1804 asserit
1299 1738 1517 1824 plures
1574 1743 1855 1810 veritates
1918 1770 2107 1832 quam
2150 1747 2339 1812 altera
2379 1769 2395 1813 ε

646 1847 794 1907 ergo
836 1846 963 1889 una
1001 1840 1089 1887 est
1125 1823 1330 1888 verior
1368 1825 1581 1889 altera.

729 1948 809 2011 R.
835 1945 914 2012 D.
944 1944 1019 2010 C.
1061 1943 1230 2027 Ergo
1272 1969 1402 2023 una
1449 1965 1535 2012 est
1571 1949 1774 2012 verior
1801 1947 1987 2010 altera
2030 1947 2388 2028 extensive,
2421 1969 2436 1977 ⁶

648 2056 762 2095 seu
807 2054 870 2094 se
914 2030 1190 2096 extendit
1230 2030 1306 2094 ad
1351 2032 1561 2117 plures
1596 2027 1875 2094 veritates
1922 2051 2113 2116 quam
2160 2028 2393 2112 altera,

648 2114 921 2179 concedo
961 2131 1200 2183 totum:
1236 2139 1383 2198 ergo
1427 2138 1551 2178 una
1591 2130 1682 2177 est
1715 2113 1923 2180 verior
1957 2112 2148 2179 altera
2181 2112 2398 2176 inten-
2453 2136 2463 2145 ²

645 2199 776 2265 sive
796 2194 827 2280 ‚⁴
862 2199 928 2263 id
971 2218 1059 2265 est
1078 2248 1098 2285 ‚
1141 2200 1381 2286 objecto
1422 2221 1537 2264 suo
1576 2197 1771 2283 magis
1825 2198 2204 2282 conformiS,
2239 2218 2401 2281 nego

649 2286 1178 2373 consequentiam.

1249 2436 1547 2484 INSTABIS
1604 2438 1630 2480 I
1644 2431 1695 2480 ⁰.

734 2550 938 2639 Atqui
985 2574 1114 2615 una
1172 2564 1260 2613 est
1306 2547 1512 2609 verior
1568 2546 1761 2610 altera
1811 2546 1998 2611 etiam
2046 2545 2343 2618 intensive
2386 2566 2404 2614 t

651 2659 799 2723 ergo
840 2634 1019 2701 nulla
1057 2630 1386 2700 distinctio.

735 2756 806 2821 P.
833 2754 898 2821 S.
946 2752 1186 2819 Veritas
1227 2743 1665 2837 propositionis
1716 2743 1995 2809 consistit
2035 2743 2106 2809 in
2142 2743 2412 2810 consor-

555 2841 559 2846 ⁴
653 2842 868 2907 mitate
907 2837 1183 2923 ejusdem
1219 2858 1367 2899 cum
1405 2854 1519 2897 suo
1555 2831 1838 2916 object03
1865 2829 2037 2918 atqui
2064 2828 2415 2896 conformi-

602 2988 609 2991 ,
656 2942 748 2989 tas
790 2921 904 2989 issa
942 2940 1140 3009 potest
1180 2944 1305 2985 esse
1344 2921 1541 3003 major
1575 2914 1675 2982 vel
1712 2916 1943 2981 minor.

738 3037 814 3107 P.
848 3040 914 3105 S.
959 3035 1319 3107 Similitudo
1353 3037 1542 3102 unius
1574 3034 1849 3099 hominis
1883 3058 2029 3100 cum
2072 3034 2266 3118 altero
2288 3055 2416 3132 po-

656 3143 775 3193 test
809 3148 937 3192 esse
962 3127 1160 3205 maior
1191 3122 1290 3185 vel
1320 3124 1532 3187 minor
1559 3137 1576 3189 τ’
1619 3142 1768 3203 ergo
1795 3121 1983 3186 etiam
2011 3119 2418 3185 conset-muas

655 3208 1098 3359 prppositionis
1136 3230 1284 3272 cum
1323 3228 1439 3307 suo
1493 3207 1736 3289 objecto
1791 3223 1991 3293 potest
2044 3226 2169 3271 esse
2211 3200 2420 3283 major

657 3317 730 3359 ve
793 3318 1024 3359 mmor.
1363 3309 1378 3317 ¹

741 3420 933 3501 Proh.
979 3417 1458 3505 consequentia,
1501 3440 1536 3481 a
1576 3417 1734 3504 pari.
