2707 4611
1008 298 1400 393 de'Logicci.
1827 281 1835 300 Ι
1998 295 2092 399 57

412 423 553 489 161.
580 421 989 511 Syllogismus
1050 423 1437 510 copulativus
1479 439 1565 488 est
1581 468 1612 506 ,Ι
1659 425 1849 506 cujus.
1887 427 2083 508 major

322 508 633 595 praemissa
695 509 1177 607 est-propositio
1244 508 1634 596 copulativa,
1696 525 1756 573 et
1823 509 2084 594 quidem

323 594 644 677 negativa,
718 614 893 673 culus
953 616 1081 657 una
1138 593 1358 657 saltem
1403 618 1544 679 pars
1601 592 1951 658 affirmatur
2014 594 2085 658 in

322 676 605 760 minori,
655 695 726 742 ut
785 701 927 764 pars
966 693 1198 741 restans
1241 695 1506 760 negetur
1546 678 1616 746 in
1660 677 2082 763 conclusione.

328 761 631 849 Sequitur
670 763 826 826 hanc
859 762 1060 845 legem
1089 784 1105 830 :
1351 773 1355 776 ’

530 866 860 941 Affirmato
911 892 1041 932 uno
1069 868 1166 931 vel
1206 866 1496 953 pluribus
1540 868 1840 931 membris
1867 869 1936 942 in
1960 869 2090 940 mi,-

531 953 719 1037 nori,
746 954 796 1017 si
838 977 1041 1017 unum
1084 952 1391 1039 supersit,
1432 952 1553 1015 hoc
1586 952 1990 1039 simpliciter3
2037 954 2091 1017 si

524 1035 710 1124 plura
740 1086 760 1122 ‚
787 1062 852 1102 ea
874 1035 1221 1125 copulative
1239 1052 1550 1118 negantur
1577 1036 1644 1099 iu
1666 1037 2087 1113 conclusione,

323 1150 491 1221 Nam
529 1157 877 1245 copulativa
922 1157 1194 1238 negativa
1231 1155 1439 1220 asserit
1469 1153 1724 1243 aliquod
1748 1159 1848 1223 sui
1879 1182 2094 1226 mem-
2177 1241 2185 1248 ¹

270 1246 274 1251 ’
322 1240 520 1310 hrum
562 1240 974 1310 esse'falsum.
1002 1240 1186 1306 Tales
1220 1257 1362 1305 suut
1408 1258 1763 1328 sequentes:

532 1366 735 1433 Nemo
781 1386 983 1455 potest
1015 1368 1240 1431 servire
1281 1365 1418 1432 Deo
1463 1382 1523 1431 et
1562 1390 1969 1455 mammonae3

532 1452 733 1539 Atqui
778 1477 995 1521 avarus
1028 1452 1210 1517 servit
1247 1474 1658 1517 mammonae:

534 1536 704 1618 Ergo
739 1560 956 1602 avarus
999 1561 1128 1601 uon
1167 1554 1367 1623 potest
1406 1538 1636 1604 servire
1667 1534 1823 1600 Deo.

460 1617 662 1684 Item:

538 1702 793 1775 Falsum
850 1721 938 1770 est
984 1706 1285 1770 Joannem
1324 1729 1451 1771 esse
1489 1705 1785 1790 doctum,
1834 1701 2094 1780 divitem

622 1806 683 1853 et
728 1790 1036 1857 humilem
1062 1838 1086 1875 ,
1545 1805 1551 1811 ’

531 1872 731 1960 Atqui
770 1874 1041 1939 Joannes
1077 1895 1166 1942 est
1201 1874 1408 1941 dives:

427 1989 436 1999 ·
530 1958 702 2105 Erlgo
752 1957 980 2107 {allsum
1032 1979 1121 2029 est
1180 1960 1486 2027 Joannem
1544 1982 1671 2026 esse
1736 1957 1996 2026 doctum
2043 1974 2143 2049 et-

638 2068 794 2107 lum]
825 2069 945 2110 em·
1299 2089 1300 2092 ¹
1756 2073 1759 2076 ’

419 2161 561 2223 162.
582 2160 995 2247 Syllogismus
1011 2166 1419 2242 disiunctivus
1438 2167 1545 2232 ille
1565 2183 1658 2231 est
1673 2214 1692 2249 ‚
1714 2168 1891 2245 cujus
1910 2166 2107 2246 major

333 2246 662 2329 praemissa.
713 2264 802 2309 est
862 2250 1209 2334 propositio
1279 2250 1643 2331 disjunctiva
1695 2250 2108 2334 affirmativa,

338 2329 518 2408 cuius
563 2351 690 2390 una
733 2329 946 2390 saltem
981 2353 1122 2413 pars
1166 2350 1429 2410 negatur
1466 2337 1533 2395 in
1566 2335 1798 2396 minori
1827 2380 1847 2416 ‚
1882 2352 2109 2400 utres-

335 2427 472 2478 tans
510 2410 863 2477 affirmetur
917 2413 984 2475 in
1019 2413 1768 2503 conclusione.,Seq,uitur
1804 2418 1965 2499 hanc
2005 2420 2110 2486 le·-

335 2517 511 2579 gem:

538 2609 780 2694 Negato
799 2636 930 2679 uno
967 2612 1062 2679 vel
1086 2612 1382 2700 pluribus
1400 2617 1700 2682 membris
1731 2620 1799 2683 in
1827 2620 2061 2689 minori
2088 2667 2112 2705 ,

536 2697 590 2758 si
629 2721 831 2761 unum
857 2701 1159 2785 supersit,
1194 2701 1756 2788 hocsimpliciter:
1801 2704 1852 2767 si
1893 2703 2114 2789 plura,

540 2803 611 2845 ea
651 2782 1015 2866 disjunctive
1061 2785 1458 2850 affirmantur
1503 2788 1570 2851 in
1622 2787 2046 2852 conclusione.

335 2893 498 2963 Nam
531 2898 895 2979 disjunctiva
932 2903 1298 2968 affirmativa
1329 2907 1545 2971 asserit
1595 2906 1853 2995 aliquod
1894 2908 2114 2976 saltem

335 2981 437 3045 sui
475 2983 836 3050 membrum
875 3010 1000 3050 esse
1033 3011 1277 3052 verum.
1311 2989 1501 3056 Tales
1544 3009 1694 3058 sunt
1732 3014 2109 3082 sequentes:

540 3107 658 3172 Vel
695 3110 899 3174 anima
940 3110 1214 3178 humana
1249 3117 1427 3201 perit,
1457 3142 1602 3193 cum
1638 3124 1905 3208 corpore
1932 3170 1953 3207 ‚
2011 3122 2115 3192 vel·

538 3211 680 3280 post
716 3212 983 3260 mortem
1025 3202 1305 3286 corporis
1345 3222 1556 3290 manet
1599 3224 1949 3294 superstes3
2155 3206 2159 3211 ⁴

538 3281 740 3365 Atqui
787 3303 917 3345 uon
954 3284 1115 3368 perit
1158 3308 1303 3353 cum
1342 3311 1609 3364 corpore
1641 3313 1657 3357 :

462 3362 713 3516 I·‘·Ergo
740 3384 878 3453 post
914 3386 1182 3433 mortem
1215 3368 1496 3461 corporis
1538 3394 1748 3442 manet
1782 3395 2107 3465 superstes.

498 3465 617 3513 tem
650 3470 666 3515 :

539 3533 656 3599 Vel
702 3536 903 3609 biems
943 3557 1072 3628 est,
1112 3540 1212 3617 vel
1244 3567 1351 3611 ver
1376 3545 1474 3612 vel
1503 3558 1672 3617 :estas
1711 3546 1810 3615 vel
1841 3562 2103 3619 autum-

631 3642 751 3688 nus
763 3646 787 3708 3
