2707 4611
728 270 808 334 42
1437 264 1778 339 Tractatics

731 390 954 454 veritas
984 413 1101 478 pro
1137 393 1309 456 omni
1345 416 1487 457 casu
1527 410 1872 480 repugnat3
1908 411 1980 459 ut
2013 414 2029 460 τ
2060 395 2359 462 Circulus
2393 411 2486 463 est

662 508 673 516 ·
731 474 1105 560 quadratus.
1133 476 1301 541 Dum
1334 493 1544 541 autem
1574 481 1792 543 veritas
1825 478 2064 561 judicio
2103 482 2192 545 sic
2224 506 2483 570 compe-

731 560 811 623 tit
831 603 854 642 ‚
896 576 968 624 ut
1003 576 1207 625 tamen
1247 583 1366 647 pro
1401 561 1617 649 aliquo
1643 585 1784 628 casu
1820 564 1956 629 sine
1994 567 2481 633 contradictione

729 641 972 740 falsum·
995 666 1119 740 esse
1157 645 1385 742 possit,
1449 664 1560 711 aut
1607 647 1736 713 vice
1779 670 1992 732 versa,
2048 649 2212 716 illud
2257 651 2484 716 dicitur

732 750 971 793 ver-san
1005 751 1077 792 ιη
1113 741 1391 793 matema
1414 733 1823 819 contingente
1846 778 1868 817 ,
1894 757 2004 797 seu
2039 736 2489 822 contingenter

731 835 954 877 verum
971 838 997 890 ‚-
1059 830 1132 878 ut
1176 834 1192 879 ε
1241 814 1543 879 Mundus
1587 816 1798 880 existit
1840 839 1863 877 .-
1899 817 1994 882 vel
2040 821 2490 906 contingenter

715 894 979 983 salsum
995 922 1020 978 ‚-
1061 914 1179 964 ut:
1223 898 1440 964 Tellus
1482 912 1575 963 est
1617 902 1831 987 major
1862 902 2009 965 sole.

776 1121 989 1217 Leges
1015 1118 1104 1192 de
1137 1120 1598 1214 dijudicanda
1632 1124 2203 1223 propositionum
2237 1150 2438 1205 cum-

965 1230 1364 1326 positarum
1407 1235 1711 1307 veritate
1758 1246 1885 1308 aut
1925 1234 2242 1308 falsitate.
2295 1268 2296 1271 ¹

1353 1657 1490 1703 LEX
1531 1659 1779 1707 PRIMA.

760 1880 765 1885 -
823 1836 960 1902 128.
1004 1837 1104 1901 Ad
1155 1839 1475 1924 veritatem
1527 1840 1968 1924 propositionis
2030 1841 2379 1938 requiritur
2418 1830 2493 1906 ut

731 1936 932 1985 totum
958 1923 1087 2004 ejus
1110 1940 1411 1987 assertum
1433 1922 1715 1986 subsistat
1740 1938 1931 2009 prout
1952 1939 2245 1985 asseritur
2271 1926 2490 2008 :quod

730 2006 780 2069 si
821 2004 918 2069 vel
940 2029 1156 2071 unum
1193 2008 1322 2090 ejus
1347 2022 1649 2070 assertum
1687 2030 1818 2069 non
1856 2005 2141 2070 subsistat
2166 2024 2360 2091 prout
2383 2029 2484 2069 as-

730 2089 997 2175 seritur,
1036 2089 1185 2154 falsa
1230 2090 1369 2154 erit.
1405 2090 1569 2154 Hinc
1835 2116 1842 2123 ²

820 2207 906 2260 1.⁰
950 2194 1048 2260 Ad
1083 2196 1411 2271 veritatem
1446 2194 1888 2282 propositionis
1914 2193 1991 2277 ¹iu
2031 2192 2290 2257 materia
2331 2214 2489 2256 con-

728 2278 1002 2364 tingente
1041 2280 1391 2369 requiritur
1426 2304 1559 2346 non
1598 2296 1843 2346 tantum
1869 2278 2295 2345 convenientia
2339 2301 2489 2365 prae-

731 2362 918 2430 dicati
966 2390 1114 2432 cum
1156 2366 1434 2451 subjecto
1457 2411 1480 2450 ‚
1530 2390 1669 2453 quae
1716 2366 2005 2431 asseritur
2027 2413 2049 2449 ‚
2095 2363 2204 2428 sed
2235 2364 2489 2450 insuper

734 2448 1056 2515 existentia
1106 2451 1369 2536 subjecti
1412 2473 1529 2537 pro
1575 2468 1702 2516 tem
1753 2473 1858 2514 ore
1895 2473 2008 2536 per
2049 2449 2311 2513 verbum
2358 2450 2490 2513 im-

732 2547 1023 2619 portat03
1066 2535 1182 2621 qui
1220 2536 1393 2599 enim
1433 2534 1585 2598 dicit
1623 2558 1637 2598 :
1747 2545 1918 2597 etrus
1953 2543 2048 2595 est
2075 2534 2333 2606 doctus,
2361 2556 2492 2597 non

731 2633 978 2682 tantum
1014 2637 1301 2685 censetur
1329 2616 1638 2681 affirmare
1669 2618 2014 2680 doctrinam
2049 2616 2232 2679 Petro
2266 2639 2491 2681 eonve-

662 2769 665 2774 ,
731 2702 873 2766 nire
896 2748 919 2787 ‚
970 2702 1078 2769 sed
1119 2726 1259 2770 eam
1299 2703 1484 2769 Petro
1532 2700 1638 2764 hic
1682 2718 1743 2764 et
1789 2723 1960 2763 nunc
2009 2699 2380 2775 convenire,
2430 2718 2493 2766 et

782 2786 999 2852 roinde
1034 2788 1297 2855 Petrum
1335 2786 1442 2851 hic
1488 2803 1552 2851 et
1602 2807 1774 2850 nunc
1813 2783 2196 2850 existentiam
2236 2784 2488 2850 habere.

730 2809 1193 2955 ssropositiones
1236 2894 1382 2938 vero
1435 2870 1505 2934 in
1551 2868 1804 2948 materia
1844 2870 2180 2934 necessaria
2221 2888 2329 2936 aut
2363 2870 2492 2934 im-

731 2954 1014 3041 possibili
1065 2957 1142 3020 ad
1191 2957 1290 3022 sui
1335 2956 1659 3032 veritatem
1712 2977 1843 3018 non
1896 2955 2235 3054 requirunt
2284 2978 2364 3019 ne
2410 2978 2493 3022 ue

732 3056 1099 3125 supponunt
1156 3040 1546 3106 existentiam
1606 3038 1888 3122 subjecti.
1946 3038 2051 3106 Slc
2097 3040 2210 3125 qui
2253 3062 2369 3126 pro
2398 3055 2494 3103 ert

731 3121 898 3187 hanc
925 3122 1418 3210 propositionem
1464 3145 1481 3191 :
1522 3123 1824 3190 Cir-culus
1859 3135 1954 3188 est
1980 3123 2287 3189 rotundus
2305 3168 2327 3196 ,
2359 3143 2494 3185 non

735 3206 887 3272 dicit
918 3208 1172 3274 existere
1220 3206 1534 3275 cireulum
1549 3256 1570 3294 ‚
1623 3209 1731 3276 sed
1767 3205 2156 3276 solummodo
2194 3204 2495 3270 rotundi-

735 3307 925 3357 tatem
970 3316 1168 3359 unam
1204 3313 1328 3358 esse
1374 3315 1453 3358 ex
1494 3295 1659 3361 notis
1704 3317 1843 3380 quae
1876 3294 2212 3358 notionem'
2238 3312 2349 3354 seu
2388 3313 2499 3357 es-

737 3376 998 3475 sentiam
1028 3376 1251 3447 circuli
1287 3377 1670 3449 constituunt
1685 3426 1707 3467 ,
1749 3378 1875 3447 sive
1923 3373 2195 3446 circulus
2226 3374 2444 3444 existat
2474 3421 2497 3461 ,
