2707 4611
711 245 797 331 98
1400 205 1750 302 Τηῐοιαιιιὲ
1777 240 1782 245 ·

704 381 800 430 est
841 385 952 428 ens
998 359 1287 448 simplex.
1368 359 1504 425 Ens
1547 356 1815 444 simplex
1857 369 1991 422 non
2054 356 2242 424 habet
2284 379 2477 447 partes

706 447 1036 536 (definitio
1074 447 1234 511 entis
1269 444 1618 529 simplicis)
1644 466 1666 526 3
1709 441 1816 507 sed
1848 444 2061 507 anima
2096 443 2367 509 humana
2392 464 2482 513 est

709 557 821 598 ens
861 530 1131 618 simplex
1174 529 1545 614 (conclusio
1588 525 1945 612 praecedens
1973 526 2037 614 ):
2080 551 2230 612 ergo
2276 532 2477 596 anima

707 619 988 683 humana
1033 637 1168 679 non
1214 612 1408 676 habet
1448 627 1675 698 parteS.
1722 609 1917 696 Quod
1955 635 2085 676 non
2125 613 2314 680 habet
2336 639 2477 702 par-

710 720 840 784 tes,
882 723 1012 764 non
1074 712 1277 784 potest
1328 696 1394 758 in
1484 712 1641 759 artes
1693 693 1886 761 'dividi
1927 697 2325 784 (axioma);
2375 699 2473 764 sed

708 785 919 851 anima
952 783 1234 848 humana
1272 802 1409 843 non
1502 779 1643 843 abet
1683 797 1888 865 partes
1934 787 1954 861 (
1984 782 2310 848 conclusio
2334 806 2473 870 prae-

710 868 1003 953 cedens):
1050 882 1200 948 ergo
1224 865 1428 927 anima
1486 864 1759 927 humana
1800 885 1928 926 non
1964 881 2164 948 potest
2181 868 2255 947 in
2284 884 2476 953 partes

711 951 924 1018 dividi.
967 947 1164 1034 Quod
1203 971 1332 1011 non
1368 954 1569 1032 potest
1611 947 1678 1009 in
1721 963 1920 1033 partes
1966 948 2197 1031 dividi,
2250 970 2339 1017 est
2377 953 2477 1015 in-

711 1032 1128 1119 corruptibile
1189 1035 1210 1114 (
1260 1031 1541 1094 definitio
1591 1030 2196 1130 incorruptibilitatis
2227 1038 2311 1116 >3
2370 1035 2476 1098 sed

707 1121 917 1185 anima
958 1116 1245 1181 humana.
1277 1137 1405 1179 non
1448 1130 1649 1201 potest
1686 1114 1879 1179 divid1
1920 1115 1988 1177 in
2025 1116 2291 1216 partes(
2316 1139 2476 1180 con-

709 1203 911 1272 clusio
949 1198 1387 1350 praecedens):
1426 1221 1575 1283 ergo
1612 1199 1821 1264 anima
1856 1199 2129 1264 humana
2159 1217 2248 1265 est
2271 1222 2477 1266 mcor.-

710 1285 947 1375 ruptibi
974 1284 1047 1348 is.
1084 1322 1091 1332 ·
1180 1327 1190 1344 ,

794 1482 941 1548 270.
1000 1457 1461 1524 Demonstratio
1516 1449 1857 1524 'indirecta
1898 1484 2010 1525 seu
2056 1460 2351 1527 deductio
2398 1448 2504 1528 ab

707 1543 985 1610 absurdo
1024 1543 1133 1625 fit,
1174 1541 1331 1606 dum
1367 1544 1856 1609 contradictoria
1879 1546 2347 1632 propositionis
2385 1546 2489 1612 de-

632 1666 637 1669 ·
706 1627 1120 1704 monstra-ndae
1156 1626 1414 1691 interim
1458 1631 1533 1691 ut
1576 1652 1721 1693 vera
1774 1631 2153 1704 assumitur,
2194 1648 2385 1718 atque
2412 1655 2488 1697 ex

707 1735 778 1776 ea
815 1711 1093 1794 legitime
1133 1711 1636 1792 argumentando
1663 1710 1989 1779 conclusio
2025 1715 2351 1783 manifeste
2382 1717 2485 1779 ab·

707 1796 896 1862 surda
938 1793 1294 1860 deducitur.

787 1954 933 2046 27²3
977 1957 1437 2026 Demonstratio
1484 1959 1792 2025 indirecta
1832 1958 2062 2023 invicte
2098 1959 2325 2045 probat
2351 1983 2482 2023 ‘ve-

699 2042 952 2108 ritatem
999 2065 1118 2129 pro
1165 2044 1450 2111 ositionis
1491 2042 2005 2107 'demonstrandae
2029 2068 2046 2084 ·
2111 2066 2263 2108 cum
2301 2045 2484 2109 enim

699 2123 1020 2206 conclusio
1068 2126 1128 2190 fa
1157 2150 1220 2192 sa
1275 2145 1334 2193 et
1372 2127 1637 2194 absurda
1681 2127 1960 2212 legitime
2002 2092 2355 2193 deducatur
2398 2150 2483 2193 ex

700 2210 1174 2276 contradictoria
1197 2213 1641 2300 propositionis
1662 2211 2163 2286 demonstrandae
2180 2257 2202 2296 ,
2228 2227 2481 2280 necesse

700 2313 788 2362 est
828 2303 902 2361 ut
951 2294 1064 2362 illa
1104 2296 1256 2363 falsa
1308 2298 1431 2385 sit;
1484 2316 1548 2366 et
1605 2297 1876 2387 proinde
1933 2320 2077 2364 vera
2130 2297 2481 2387 propositio

696 2382 1199 2449 demonstranda.

769 2566 898 2626 272.
938 2546 1244 2607 Senomon.
1285 2544 1359 2602 In
1397 2564 1463 2603 eo
1494 2556 1682 2603 tamen
1709 2545 2103 2604 demonstratio
2140 2544 2253 2603 haec
2272 2564 2305 2601 a
2326 2564 2477 2619 prae-

690 2623 895 2681 stantia
913 2620 1398 2683 demonstrationis
1420 2619 1647 2676 directae
1663 2620 1857 2676 deficit
1868 2661 1887 2692 ,
1907 2623 2059 2695 quod
2087 2635 2198 2678 non
2216 2623 2479 2680 ostendat

687 2718 861 2775 qua-re
890 2710 946 2757 et
967 2700 1242 2777 quomodo
1261 2716 1348 2756 res
1386 2695 1820 2751 demonstranda
1844 2713 1979 2754 vera
1996 2694 2103 2768 sit;
2134 2695 2230 2753 sed
2252 2697 2474 2760 solum-

691 2777 857 2833 modo
898 2776 1094 2834 salsam
1154 2795 1270 2833 non
1312 2789 1427 2831 esse
1468 2768 1933 2844 irrefragabiliter
1978 2769 2194 2831 evincit
2216 2813 2235 2842 ,
2296 2783 2473 2848 atque

693 2849 1074 2910 adversarium
1102 2851 1168 2908 in
1188 2851 1326 2910 tales
1359 2845 1644 2922 angustias
1676 2844 1939 2921 conjicit,
1959 2857 2135 2903 utaut
2170 2845 2472 2906 evidenter

699 2924 948 2982 absurda
992 2925 1285 2991 admittere
1323 2969 1342 3003 ,
1401 2933 1500 2982 aut
1520 2922 1813 2984 veritatem
1831 2920 2196 2998 pertinaciter
2211 2935 2475 2998 negatam

590 3057 595 3063 ,
690 2997 858 3056 fateri
885 2991 1129 3075 cogatur.
1163 2998 1320 3059 Hinc
1358 2997 1629 3076 ejusmodi
1664 2999 2129 3057 demonstratione
2152 3019 2264 3057 non
2295 2998 2469 3056 facile

691 3071 938 3146 utimur,
970 3074 1075 3131 ubi
1111 3072 1324 3132 directa
1355 3076 1417 3133 in
1447 3084 1709 3151 promptu
1745 3084 1863 3143 est,
1897 3086 1993 3133 aut
2015 3075 2169 3132 illam
2205 3093 2331 3130 cum
2352 3072 2472 3131 hac

689 3149 1067 3208 consociamus
1106 3158 1171 3205 ut
1209 3152 1387 3225 majus
1429 3150 1663 3212 veritati
1695 3152 1872 3208 robur
1906 3150 2148 3208 accedat.

771 3314 844 3376 27
854 3294 1337 3397 &Principium
1351 3296 1419 3361 in
1432 3292 1913 3362 demonstrando
1909 3274 2181 3383 petitur,
2196 3295 2460 3380 quando

685 3374 829 3442 loco
865 3380 1162 3465 principii
1206 3380 1540 3447 adducitur
1568 3381 1637 3445 id
1675 3381 1883 3465 ipsum
1920 3377 2091 3465 quod
2127 3376 2197 3440 in
2233 3402 2465 3466 squaes—

685 3459 855 3528 tione
899 3475 1024 3534 est,
1071 3462 1169 3529 vel
1208 3486 1404 3563 aeque,
1430 3464 1695 3530 dubium
1730 3483 1802 3528 ac
1828 3478 2341 3547 controversum3
2376 3481 2462 3531 ut
