2707 4611
1738 315 1981 371 tantum
2008 295 2238 363 ‘hsserit
2275 293 2378 363 al-'r

1732 405 1950 450 verum
1981 399 2071 450 est
2087 398 2375 448 currente
2405 415 2411 419 ·

1275 658 1591 704 omnen-o
1664 659 1730 702 11.
1782 641 1795 675 *

708 805 855 872 Haec
873 822 908 869 r
922 803 1108 867 Deus
1145 801 1359 864 existit
1382 844 1403 881 ‚
1428 800 1627 864 verior
1664 814 1754 863 est
1774 821 1960 884 quam
1979 795 2111 860 haee
2131 816 2148 863 ε
2170 795 2382 860 soem-⁶

630 904 743 954 nes
791 888 1002 953 existit
1020 915 1042 950 .-
1084 909 1232 970 ergo
1264 885 1437 949 nulla
1484 884 1687 948 thesis.
2285 909 2288 912 >

706 1002 780 1066 P.
811 1002 886 1063 A.
913 999 1120 1062 Prima
1151 997 1240 1060 sic
1262 1020 1403 1073 vera
1431 1014 1519 1060 est
1539 1042 1560 1079 ‚
1586 992 2023 1079 ut·non.possit
2048 1013 2173 1056 esse
2196 989 2388 1055 falsat
2475 987 2483 994 ’

630 1085 805 1172 atqui
837 1081 1106 1148 secunda
1150 1092 1352 1167 potest
1387 1101 1513 1145 esse
1556 1078 1738 1146 falsa:
1764 1101 1912 1162 ergo
1928 1077 2128 1164 prima
2153 1092 2241 1141 est
2260 1098 2389 1140 ve—-·'

541 1236 546 1241 .
628 1171 761 1236 rior
795 1165 1085 1233 secunda.

712 1282 988 1361 R.N.C.
1015 1283 1174 1350 Nam
1219 1281 1628 1370 praedicatum
1686 1281 1971 1363 secundae
2014 1292 2191 1366 aeque
2227 1301 2384 1342 con-

635 1372 802 1440 venit
823 1393 937 1435 suo
960 1369 1233 1450 subjecto
1256 1390 1326 1455 ac
1352 1367 1754 1453 praedicatum
1782 1367 1999 1452 primae
2038 1387 2154 1428 suo
2177 1410 2197 1447 ‚
2243 1362 2386 1426 licet

629 1480 764 1522 non
781 1454 1001 1521 eodem
1019 1451 1211 1517 modo
1229 1476 1249 1535 3
1272 1472 1416 1514 nam
1437 1451 1842 1537 praedicatum
1864 1447 2357 1534 primae.conveni
2363 1462 2385 1509 t

633 1538 982 1605 necessario
1019 1560 1131 1604 suo
1169 1536 1481 1619 subjecto,
1515 1535 1918 1623 praedicatum
1945 1533 2225 1600 secundae
2243 1553 2383 1595 vero

631 1625 1081 1709 contingenter
1096 1638 1332 1688 tantum
1356 1629 1387 1704 3⁴
1421 1621 1529 1683 sed
1574 1619 1797 1684 modus
1826 1643 1957 1708 quo
1992 1617 2388 1718 praedicatum
2427 1646 2434 1659 ¹-

632 1707 918 1808 qomgenit
951 1707 1228 1803 subjecto
1273 1729 1403 1769 non
1445 1721 1628 1788 auget
1660 1728 1776 1771 nec
1812 1705 2042 1771 minuit
2098 1699 2391 1789 proposi-¹-

583 1825 608 1835 *
633 1810 817 1881 tionis
847 1806 1186 1867 veritatem.
1449 1818 1452 1821 ⁴

1281 1953 1610 2007 OBJECTIO*
1656 1951 1747 1994 111.

719 2057 891 2132 Inter
933 2067 1199 2131 actiones
1228 2064 1421 2130 bonas
1464 2065 1640 2126 datur
1691 2081 1818 2123 una
1851 2044 2073 2119 melior
2140 2053 2381 2116 altera:

638 2177 786 2237 ergo
814 2154 978 2219 inter
1000 2150 1451 2239 propositiones
1490 2169 1661 2211 veras
1700 2144 1880 2224 datur
1901 2164 2029 2206 una
2056 2138 2259 2206 verior
2285 2134 2389 2200 ala

637 2249 787 2307 tera.
1303 2250 1313 2262 '

723 2356 794 2418 P.
817 2352 891 2419 C.
917 2344 1118 2419 Sicuti
1140 2365 1210 2415 ut
1290 2333 1592 2436 repositio
1615 2368 1755 2412 vera
1779 2335 1856 2408 sit
1878 2337 2225 2427 requiritur
2249 2358 2395 2401 σω·-

642 2437 891 2516 nimoda
935 2437 1065 2516 ejus
1116 2374 1517 2499 conssrmitas
1552 2456 1699 2495 cum
1730 2429 1972 2511 objecto
1996 2470 2016 2506 ,
2065 2426 2146 2487 ita
2190 2423 2389 2502 aede,

640 2540 714 2589 ut
754 2522 916 2586 bona
943 2520 1019 2583 sit
1041 2566 1062 2603 ‚
1105 2518 1288 2583 debet
1322 2537 1450 2577 esse
1486 2513 1845 2577 omnimode
1878 2505 2219 2572 conformis
2271 2527 2390 2569 re·—

643 2606 804 2693 gulis
825 2625 1075 2671 morum
1099 2629 1119 2689 3
1149 2599 1318 2689 atqui
1358 2599 1522 2660 inter
1553 2596 1819 2659 actiones
1840 2594 2035 2655 bonas
2052 2592 2236 2654 datur
2258 2612 2387 2651 una
2454 2647 2459 2650 ,

642 2692 866 2761 melior
908 2689 1134 2761 altera:
1187 2706 1332 2767 ergo
1376 2683 1535 2747 inter
1576 2676 2025 2767 propositiones
2072 2696 2243 2737 veras
2280 2670 2391 2734 (la-³

641 2796 747 2844 tur
780 2800 906 2840 una
937 2776 1140 2840 verior
1188 2770 1397 2835 altera.

726 2895 914 2959 Prob.
952 2889 1391 2977 consequentia
1419 2923 1442 2962 ‚1
1482 2910 1517 2949 a
1552 2881 1713 2971 pari.

730 3012 815 3077 R.
839 3011 921 3076 N.
949 3011 1022 3075 C.
1051 3026 1109 3071 et
1129 3009 1201 3070 P.
1253 3006 1589 3093 Disparitas
1628 3017 1754 3074 est,
1802 2995 1976 3085 quod
2006 2991 2247 3058 bonitas
2287 3012 2392 3053 aea

648 3095 833 3163 tionis
873 3119 1000 3160 non
1025 3092 1211 3158 unice
1239 3089 1665 3165 consideretur
1707 3107 1782 3146 ex
1824 3078 2256 3145 conformitate
2280 3096 2393 3135 sua

649 3204 798 3245 cum
835 3177 1063 3263 regulis
1093 3197 1388 3255 morum3
1418 3174 1524 3237 sed
1559 3174 1816 3253 insuper
1843 3186 1923 3228 ex
1949 3164 2072 3227 fine
2093 3162 2174 3225 oh
2201 3177 2393 3241 quem

649 3264 810 3327 actio
848 3262 1219 3347 suscipitur,
1256 3275 1444 3343 atque
1483 3280 1556 3319 ex
1586 3251 1902 3318 effectibus
1942 3247 2055 3333 qui
2098 3264 2174 3307 ex
2200 3260 2270 3302 ea
2297 3260 2393 3302 se-

653 3360 938 3433 quuntur
975 3364 1082 3409 aut
1115 3341 1291 3430 sequi
1335 3342 1465 3403 nati
1506 3354 1653 3403 sunt
1697 3358 1713 3403 ε
1771 3332 1877 3399 sed
1897 3330 2111 3396 veritas
2151 3344 2391 3421 propo-

649 3426 889 3499 sitionis
924 3428 1110 3490 unice
1151 3424 1498 3489 desumitur
1539 3423 1616 3486 ab
1655 3414 2013 3486 omnimoda
2047 3407 2395 3476 conform1-

646 3533 770 3586 tate
795 3536 939 3580 oum
977 3531 1090 3576 suo
1134 3509 1391 3591 objecto.
1700 3535 1705 3539 <
1947 3567 1953 3572 ,
2220 3488 2395 3557 Inter
