2707 4611
971 173 1049 247 de
1084 170 1362 263 Logica.
1451 150 1454 153 Ι
1959 166 2045 240 61

274 301 642 390 disjunctiva
682 314 868 368 utens
892 341 912 379 ‚
949 319 1025 362 ex
1063 298 1196 381 ejus
1235 291 1536 360 membris
1561 286 1805 376 aliquid
1829 303 2048 355 contra

288 400 828 474 argumentantem
881 381 1119 445 inferre
1155 397 1375 467 potest.
1390 378 1497 463 Sic
1534 376 1613 440 ad
1654 370 2054 461 probandum

290 496 524 541 munus
548 466 627 535 in⁴
664 466 993 556 republica
1035 488 1162 529 non
1187 489 1311 530 esse
1355 458 1827 550 suscipiendum
1849 454 2055 543 ,male

296 560 439 648 quis
465 572 743 624 uteretur
785 552 905 616 hoc
943 549 1298 615 dilemmate
1328 570 1345 615 z
1869 596 1874 603 .

501 640 619 709 Vel
657 641 814 704 bene
837 635 935 701 vel
979 634 1143 701 male
1174 631 1627 700 administrabis
1658 649 1895 696 munus
1910 642 2060 700 sus-2

587 741 839 814 ceptum
867 745 888 807 3
1306 800 1311 805 ,

502 812 569 878 Si
605 813 767 874 bene
790 855 810 891 ,
857 804 1129 870 offendes
1163 800 1450 867 homines
1479 824 1501 886 3

496 896 564 963 si
605 893 768 961 male
792 940 813 977 ,
853 889 1124 955 offendes
1164 887 1400 952 Deum.

302 1029 337 1067 ,—
417 980 689 1055 Etenim'
718 976 943 1042 inverti
976 991 1181 1062 potest
1224 972 1346 1035 hoe
1380 965 1568 1034 modo
1596 984 1616 1030 τ

328 1126 337 1131 -
438 1106 441 1115 ‚
507 1067 626 1133 Vel
659 1065 822 1128 bene
858 1060 958 1127 vel
993 1059 1160 1125 male
1200 1049 1647 1122 administrabis
1660 1070 1893 1116 munus
1912 1063 2056 1117 sus-⁶

590 1167 885 1236 ceptum3
1669 1160 1670 1163 ¹

507 1234 575 1300 Si
625 1235 786 1297 bene
807 1280 827 1316 ,
923 1226 1152 1294 lacebis
1188 1225 1359 1307 De03

509 1319 577 1384 Si
622 1317 820 1401 male,
847 1255 1122 1403 piaeebis
1159 1307 1542 1375 hominibus.
1611 1328 1614 1331 ’

388 1402 539 1489 169.
567 1402 806 1466 Sorites
827 1417 916 1467 est
958 1392 1415 1480 argumentatio
1440 1436 1461 1474 ,
1500 1387 1677 1473 cuius
1699 1384 2086 1450 antecedens»

303 1504 547 1551 constat
565 1487 768 1551 tribus
798 1484 896 1549 vel
930 1482 1219 1570 pluribus
1256 1472 1789 1567 propositionibus
1816 1469 1903 1533 sic
1945 1469 2069 1534 sibi

312 1572 618 1634 connexis
643 1616 661 1653 ,
709 1586 782 1634 ut
813 1568 1204 1655 praedicatum
1246 1560 1647 1651 praecedentis
1681 1578 1925 1643 semper
1956 1554 2069 1620 fiat

314 1655 670 1735 subjectum
702 1655 1017 1753 sequentis
1038 1698 1060 1737 ,
1086 1651 1283 1715 donec
1304 1648 1654 1727 subjectum
1684 1642 1899 1730 primae
1920 1661 2075 1706 cum

308 1738 649 1839 praedicato
693 1738 928 1803 ultimae
967 1740 1374 1822 conjungatur
1401 1731 1498 1797 vel
1525 1730 1603 1796 ab
1638 1753 1714 1797 eo
1746 1742 2091 1816 separetur·

298 1846 373 1889 in
416 1823 839 1905 conclusione.
863 1822 1033 1889 Talis
1071 1839 1160 1888 est
1191 1840 1530 1907 sequensz.

507 1944 745 2010 Avarus
794 1944 994 2009 multa
1042 1940 1410 2026 desiderat3
1505 1976 1508 1979 ¹

514 2029 655 2115 Qui
699 2031 900 2095 multa
931 2028 1295 2108 desiderat,
1334 2024 1549 2091 multis
1588 2021 1863 2109 indiget3

520 2111 655 2197 Qui
706 2112 924 2176 multis
964 2112 1206 2191 indiget
1223 2155 1244 2192 ,
1283 2111 1469 2175 miser
1512 2127 1650 2196 est3

515 2191 688 2275 Ergo
733 2218 950 2258 avarus
991 2195 1188 2257 miser
1233 2208 1344 2253 est.

402 2316 433 2359 1
485 2314 548 2359 o.
588 2293 893 2360 Naturam
918 2295 1115 2375 hujus
1147 2291 1694 2371 argumentationis
1732 2292 2084 2381 inspicienti

324 2316 511 2446 saciie
567 2395 775 2467 patet,
822 2377 1038 2465 plures
1071 2373 1480 2476 ‘syllogismos
1532 2391 1842 2442 truncatos
1891 2380 1961 2443 in
2005 2404 2082 2448 ea

334 2466 592 2530 cdntine
608 2465 712 2531 ri:
755 2462 924 2529 unde
963 2477 1427 2546 soritessemper
1462 2457 1533 2522 in
1574 2458 1953 2547 syllogismos
1982 2488 2085 2529 re-
2183 2531 2191 2542 ,

332 2550 487 2615 solvi
525 2566 729 2637 potest
746 2596 767 2633 ,
803 2565 864 2613 et
901 2546 1162 2637 quidem
1198 2545 1262 2609 in
1303 2561 1416 2628 tot,
1439 2562 1612 2632 quot
1640 2565 1784 2612 sunt
1806 2549 2086 2635 praemis-

319 2658 398 2700 sae
422 2682 446 2720 ,
468 2634 718 2723 dempta
742 2658 893 2699 una.
921 2634 1026 2700 Sic
1048 2630 1462 2722 supracitatus
1485 2631 1556 2693 in
1579 2629 1693 2695 hos
1713 2631 2081 2698 resolvitur:

520 2757 661 2848 Qui
703 2760 903 2825 multa
943 2757 1292 2841 desiderat,
1334 2754 1552 2826 multis
1591 2756 1827 2841 indiget
1845 2733 1878 2843 3.
1932 2832 1940 2837 β

524 2845 723 2931 Atqui
767 2869 985 2910 avarus
1026 2842 1224 2907 multa
1271 2840 1626 2909 desiderat:

525 2926 698 3011 Ergo
744 2951 960 2995 avarus
1000 2926 1214 2992 multis
1257 2924 1514 3007 indiget.

528 3039 666 3126 Qui
702 3039 914 3107 multis
956 3038 1238 3121 indiget,
1279 3038 1469 3103 miser
1511 3060 1651 3129 est3

528 3124 728 3213 Atqui
771 3148 987 3190 avarus
1029 3122 1241 3189 multis
1276 3121 1554 3210 indiget:

523 3209 699 3294 Ergo
741 3233 959 3275 avarus
1005 3210 1194 3275 miser
1235 3225 1345 3275 est.

399 3330 478 3395 In
534 3320 857 3418 ejusmodi·
895 3334 1438 3416 argumentatione
1480 3347 1640 3418 saepe
1686 3346 1930 3398 erratur
2009 3331 2078 3395 er
2173 3316 2178 3322 ’

317 3415 487 3516 ¹³.⁰⁰⁹
535 3419 708 3507 quod
755 3418 965 3505 aliqua
1024 3418 1459 3506 antecedentis·
1498 3418 1839 3505 propositio
1881 3412 2077 3488 daia

313 3519 434 3585 sit,
477 3504 890 3590 aequivocaaut
925 3502 1099 3571 falsa.
1151 3505 1255 3584 Sic
1301 3526 1434 3572 non
1494 3501 1657 3572 valet
1701 3507 2016 3590 sequens:
