2707 4611
658 239 731 301 16
859 309 864 316 ⁴
1348 238 1420 304 T
1411 250 1695 304 metatus

1199 439 1698 530 conomamtm
1767 453 1847 499 11.

742 579 850 645 40.
882 579 1041 647 Com
1088 582 1373 655 rehensio
1408 567 1870 683 speciei'minor
1893 596 1983 649 est
2005 588 2417 674 comprehen-

561 719 562 724 ,
659 664 1053 765 sione·singu
1081 668 1105 731 i
1148 667 1454 734 individui
1471 714 1497 758 7
1534 687 1596 734 et
1628 670 1824 750 major
1853 672 2408 756 comprehensione

656 771 924 832 generis.
993 796 1027 833 Δ.

634 952 647 972 ⁸
730 892 825 968 41.
861 893 1164 951 Senomon.
1203 913 1251 950 1.
1286 893 1422 966 Quae
1457 895 1705 953 numeris
1739 895 1814 974 39
1835 904 1890 953 et
1908 892 1991 980 40ι
2014 894 2085 953 de
2108 898 2408 975 generibus

657 979 714 1024 et
741 968 1029 1045 speciebus
1059 969 1208 1027 dicta
1244 982 1376 1027 sunt
1397 1013 1416 1042 ,
1454 970 1816 1058 intelligenda
1858 981 2095 1032 veniunt
2135 974 2207 1030 de
2237 991 2411 1049 gene-

661 1042 822 1100 ribus
860 1056 918 1101 et
948 1044 1237 1120 speciebus
1273 1048 1520 1123 ejusdem
1551 1066 1737 1107 seriei.

636 1172 641 1180 '
700 1158 706 1163 ⁴
737 1157 833 1234 42.
875 1159 1167 1221 Senomon
1196 1184 1251 1220 2.
1303 1163 1427 1233 Quo
1461 1164 1524 1221 in
1564 1164 1688 1224 idea
1733 1163 2021 1241 pauciores
2048 1176 2188 1224 notae
2211 1185 2418 1243 reprae-

659 1245 953 1293 sentantur
975 1279 992 1308 ‚
1040 1254 1107 1294 eo
1146 1238 1255 1295 illae
1310 1239 1534 1296 facilius
1570 1242 1983 1317 expenduntur.
2051 1240 2208 1301 Patet
2241 1242 2418 1321 igitur

662 1310 817 1369 ideas
848 1330 1113 1385 generum
1146 1324 1201 1370 et
1226 1312 1536 1389 specierum
1563 1318 1911 1392 proferendis
1946 1316 2202 1376 humanae
2228 1320 2419 1394 cogni-

659 1384 832 1444 tionis
882 1386 1161 1445 limitibus
1196 1390 1438 1446 multum
1478 1390 1769 1454 inservire.

699 1544 703 1547 .
747 1487 851 1553 45.
901 1489 1298 1577 Compositio
1346 1495 1684 1581 opponitur
1723 1495 2144 1562 abstractioni
2167 1545 2190 1573 ,
2234 1515 2414 1585 atque

664 1574 831 1637 nihil
869 1572 1043 1637 aliud
1087 1591 1175 1639 est
1200 1622 1220 1659 ,
1264 1600 1457 1664 quam
1493 1580 2064 1668 comprehensionis
2103 1578 2253 1649 ideae
2286 1603 2414 1647 am·
2500 1629 2507 1632 ι

649 1657 881 1745 ΔΡΙῘειῐίο
902 1703 925 1742 ,
966 1681 1076 1723 seu
1120 1683 1426 1728 novarum
1460 1680 1750 1730 notarum
1779 1665 2091 1751 adjectim·

1224 1809 1228 1814 '
1283 1795 1801 1902 conoLLAnmn.

752 1955 857 2020 44.
893 1953 1067 2039 Ergo
1115 1962 1568 2047 compositione
1601 1963 1909 2029 minuitur
1945 1964 2096 2040 ideae
2125 1963 2421 2030 extensio.

711 2151 712 2154 Ἴ
752 2076 860 2136 45.
898 2074 965 2137 Si
999 2076 1243 2160 objecto
1289 2083 1621 2148 universali
1658 2100 1750 2150 tot
1785 2084 2061 2172 talesque
2096 2100 2254 2151 notae
2300 2082 2437 2146 αεὶ-ι

670 2155 968 2238 jiciantur
999 2206 1022 2243 ,
1078 2178 1153 2228 ut
1195 2187 1281 2229 eae
1332 2179 1548 2233 omnes
1593 2170 1781 2235 simul
1824 2188 2086 2257 sumptae
2129 2192 2258 2235 non
2298 2168 2422 2232 nisi

648 2241 786 2303 ·uni
825 2242 1079 2311 cuidam
1113 2249 1208 2313 rei
1250 2254 1588 2319 convenire
1668 2256 1855 2321 ossint
1880 2302 1902 2342 ‚
1934 2257 2243 2340 objectum
2277 2252 2425 2319 red-

608 2401 617 2411 ,
673 2325 843 2390 ditur
897 2329 1255 2417 singulare,
1307 2353 1387 2400 ret
1414 2338 1551 2404 idea
1593 2279 1756 2408 ifiud
1803 2359 2245 2429 repraesentans
2293 2339 2433 2404 sin·-
2522 2371 2528 2375 ⁴

670 2411 920 2496 gularis
959 2413 1048 2479 fit.
1097 2415 1200 2497 Sic
1236 2441 1311 2482 ex
1347 2422 1589 2505 objecto
1627 2426 1958 2495 universali
1998 2429 2186 2491 homo
2204 2473 2227 2510 ,
2255 2423 2426 2512 quod
2485 2494 2489 2499 ,

676 2496 876 2558 menti
917 2499 1272 2566 obversatur
1299 2549 1319 2586 ,
1356 2529 1472 2590 per
1510 2512 1867 2574 continuam
1909 2524 2201 2573 notarum
2242 2507 2427 2572 addi-

676 2580 913 2647 tionem
944 2601 1150 2649 mente
1184 2586 1408 2652 factam
1431 2635 1452 2670 ‚
1485 2614 1543 2654 v.
1575 2613 1634 2671 g.
1663 2592 2031 2672 existentiae‚
2071 2592 2257 2656 aetatis
2296 2614 2425 2676 qua

677 2663 867 2746 vixit,
903 2663 1067 2749 loci,
1105 2671 1258 2751 juris
1300 2672 1556 2735 civitatis
1586 2695 1893 2755 romanae,
1936 2673 2288 2740 consulatus
2325 2696 2422 2738 ro·
2521 2742 2527 2750 ,

677 2746 889 2833 mani,
923 2751 1314 2841 principatus
1357 2754 1726 2842 eloquentiae
1748 2803 1771 2841 ,
1810 2772 1926 2820 etc.
1975 2756 2180 2822 efficio
2216 2758 2426 2841 objec-

678 2849 817 2896 tum
849 2833 1159 2917 singulare
1206 2841 1454 2902 Cicero.
1527 2837 1711 2904 Unde
1757 2863 1870 2929 per
1912 2842 2425 2929 compositionem

680 2916 903 2980 mentis
938 2920 1016 2982 ab
1042 2920 1193 2986 ideis
1220 2923 1667 2989 universalibus
1707 2926 1885 3013 quasi
1912 2926 2341 2993 descendimus
2365 2944 2426 2993 et

681 3016 1027 3075 remeamus
1074 3005 1151 3068 ad
1192 3007 1361 3071 ideas
1409 3008 1772 3093 singulares.
1855 3009 2428 3098 Hinc=compositio

682 3097 775 3146 est
803 3082 898 3147 via
938 3085 1127 3151 altera
1176 3091 1502 3157 obtinendi
1552 3092 1716 3161 ideas
1760 3096 2099 3180 singulares
2118 3123 2141 3182 3
2192 3117 2421 3185 quam-

684 3189 875 3251 quam
917 3168 1235 3236 fatendum
1281 3191 1373 3239 est
1416 3182 1560 3242 raro
1592 3178 1711 3245 hac
1748 3181 1842 3248 via
1883 3181 1962 3246 ad
2001 3182 2165 3246 ideas
2184 3181 2425 3262 ‘singu-

684 3248 849 3316 lares
880 3276 991 3317 nos
1032 3257 1379 3342 pervenire.
1555 3277 1561 3283 ·
1760 3273 1764 3278 ·

770 3369 873 3434 46.
920 3371 1097 3458 Quid
1188 3374 1253 3439 id
1292 3377 1385 3442 rei
1410 3362 1979 3449 denominationem
2013 3381 2290 3469 aliquam
2315 3382 2432 3446 tri-

686 3449 863 3535 buit,
902 3457 971 3518 id
1012 3481 1047 3520 a
1076 3459 1127 3527 P
1172 3460 1466 3549 ilosophis
1506 3465 1740 3550 forma
1778 3469 2038 3533 dicitur·
2078 3488 2199 3551 ,res
2222 3481 2451 3538 autem.

680 3533 794 3600 illa
835 3562 975 3625 quae
1010 3540 1579 3614 denominationem
1617 3550 1884 3638 accipit,
1931 3514 2289 3636 eussjectum
2323 3573 2439 3620 vo·
